@INPROCEEDINGS{tacl-final-001,
   AUTHOR = {Jurgens, David and Navigli, Roberto},
   SORTNAME = {Jurgens, David and Navigli, Roberto},
   TITLE = {It's All Fun and Games until Someone Annotates: Video Games with a Purpose for Linguistic Annotation.}}
@INPROCEEDINGS{tacl-final-010,
   AUTHOR = {Nguyen, Dat Quoc and Billingsley, Richard and Du, Lan and Johnson, Mark},
   SORTNAME = {Nguyen, Dat Quoc and Billingsley, Richard and Du, Lan and Johnson, Mark},
   TITLE = {Improving Topic Models with Latent Feature Word Representations}}
@INPROCEEDINGS{tacl-final-011,
   AUTHOR = {Beck, Daniel and Cohn, Trevor and Hardmeier, Christian and Specia, Lucia},
   SORTNAME = {Beck, Daniel and Cohn, Trevor and Hardmeier, Christian and Specia, Lucia},
   TITLE = {Learning Structural Kernels for Natural Language Processing}}
@INPROCEEDINGS{tacl-final-012,
   AUTHOR = {Martschat, Sebastian and Strube, Michael},
   SORTNAME = {Martschat, Sebastian and Strube, Michael},
   TITLE = {Latent Structures for Coreference Resolution}}
@INPROCEEDINGS{tacl-final-013,
   AUTHOR = {Kruszewski, Germán and Paperno, Denis and Baroni, Marco},
   SORTNAME = {Kruszewski, German and Paperno, Denis and Baroni, Marco},
   TITLE = {Deriving Boolean Structures from Distributional Vectors}}
@INPROCEEDINGS{tacl-final-014,
   AUTHOR = {Rabinovich, Ella and Wintner, Shuly},
   SORTNAME = {Rabinovich, Ella and Wintner, Shuly},
   TITLE = {Unsupervised Identification of Translationese}}
@INPROCEEDINGS{tacl-final-015,
   AUTHOR = {Seeker, Wolfgang and Çetinoğlu, Özlem},
   SORTNAME = {Seeker, Wolfgang and Cetinoglu, Ozlem},
   TITLE = {A Graph-based Lattice Dependency Parser for Joint Morphological Segmentation and Syntactic Analysis}}
@INPROCEEDINGS{tacl-final-016,
   AUTHOR = {Gormley, Matthew R. and Dredze, Mark and Eisner, Jason},
   SORTNAME = {Gormley, Matthew R. and Dredze, Mark and Eisner, Jason},
   TITLE = {Approximation-Aware Dependency Parsing by Belief Propagation}}
@INPROCEEDINGS{tacl-final-017,
   AUTHOR = {Roth, Michael and Lapata, Mirella},
   SORTNAME = {Roth, Michael and Lapata, Mirella},
   TITLE = {Context-aware Frame-Semantic Role Labeling}}
@INPROCEEDINGS{tacl-final-018,
   AUTHOR = {Reisinger, Drew and Rudinger, Rachel and Ferraro, Francis and Rawlins, Kyle and Van Durme, Benjamin},
   SORTNAME = {Reisinger, Drew and Rudinger, Rachel and Ferraro, Francis and Rawlins, Kyle and Van Durme, Benjamin},
   TITLE = {Semantic Proto-Roles}}
@INPROCEEDINGS{tacl-final-002,
   AUTHOR = {Louis, Annie and Lapata, Mirella},
   SORTNAME = {Louis, Annie and Lapata, Mirella},
   TITLE = {Which Step Do I Take First? Troubleshooting with Bayesian Models}}
@INPROCEEDINGS{tacl-final-003,
   AUTHOR = {Sennrich, Rico},
   SORTNAME = {Sennrich, Rico},
   TITLE = {Modelling and Optimizing on Syntactic N-Grams for Statistical Machine Translation}}
@INPROCEEDINGS{tacl-final-004,
   AUTHOR = {Ji, Yangfeng and Eisenstein, Jacob},
   SORTNAME = {Ji, Yangfeng and Eisenstein, Jacob},
   TITLE = {One Vector is Not Enough: Entity-Augmented Distributed Semantics for Discourse Relations}}
@INPROCEEDINGS{tacl-final-005,
   AUTHOR = {Lee, Chia-ying and O'Donnell, Timothy and Glass, Jim},
   SORTNAME = {Lee, Chia-ying and O'Donnell, Timothy and Glass, Jim},
   TITLE = {Unsupervised Lexicon Discovery from Acoustic Input}}
@INPROCEEDINGS{tacl-final-006,
   AUTHOR = {Dutta, Sourav and Weikum, Gerhard},
   SORTNAME = {Dutta, Sourav and Weikum, Gerhard},
   TITLE = {Cross-Document Co-Reference Resolution using Sample-Based Clustering with Knowledge Enrichment}}
@INPROCEEDINGS{tacl-final-007,
   AUTHOR = {Xu, Wei and Callison-Burch, Chris and Napoles, Courtney},
   SORTNAME = {Xu, Wei and Callison-Burch, Chris and Napoles, Courtney},
   TITLE = {Problems in Current Text Simplification Research: New Data Can Help}}
@INPROCEEDINGS{tacl-final-008,
   AUTHOR = {Althobaiti, Maha and Kruschwitz, Udo and Poesio, Massimo},
   SORTNAME = {Althobaiti, Maha and Kruschwitz, Udo and Poesio, Massimo},
   TITLE = {Combining Minimally-supervised Methods for Arabic Named Entity Recognition}}
@INPROCEEDINGS{tacl-final-009,
   AUTHOR = {Wieting, John and Bansal, Mohit and Gimpel, Kevin and Livescu, Karen and Roth, Dan},
   SORTNAME = {Wieting, John and Bansal, Mohit and Gimpel, Kevin and Livescu, Karen and Roth, Dan},
   TITLE = {From Paraphrase Database to Compositional Paraphrase Model and Back}}
