@INPROCEEDINGS{WMT15-001,
   AUTHOR = {Twitto, Naama and Ordan, Noam and Wintner, Shuly},
   SORTNAME = {Twitto, Naama and Ordan, Noam and Wintner, Shuly},
   TITLE = {Statistical Machine Translation with Automatic Identification of Translationese}}
@INPROCEEDINGS{WMT15-010,
   AUTHOR = {Gwinnup, Jeremy and Anderson, Tim and Erdmann, Grant and Young, Katherine and May, Christina and Kazi, Michaeel and Salesky, Elizabeth and Thompson, Brian},
   SORTNAME = {Gwinnup, Jeremy and Anderson, Tim and Erdmann, Grant and Young, Katherine and May, Christina and Kazi, Michaeel and Salesky, Elizabeth and Thompson, Brian},
   TITLE = {The AFRL-MITLL WMT15 System: There's More than One Way to Decode It!}}
@INPROCEEDINGS{WMT15-011,
   AUTHOR = {Freitag, Markus and Peter, Jan-Thorsten and Peitz, Stephan and Feng, Minwei and Ney, Hermann},
   SORTNAME = {Freitag, Markus and Peter, Jan-Thorsten and Peitz, Stephan and Feng, Minwei and Ney, Hermann},
   TITLE = {Local System Voting Feature for Machine Translation System Combination}}
@INPROCEEDINGS{WMT15-012,
   AUTHOR = {Virpioja, Sami and Grönroos, Stig-Arne},
   SORTNAME = {Virpioja, Sami and Gronroos, Stig-Arne},
   TITLE = {LeBLEU: N-gram-based Translation Evaluation Score for Morphologically Complex Languages}}
@INPROCEEDINGS{WMT15-014,
   AUTHOR = {Cho, Eunah and Ha, Thanh-Le and Niehues, Jan and Herrmann, Teresa and Mediani, Mohammed and Zhang, Yuqi and Waibel, Alex},
   SORTNAME = {Cho, Eunah and Ha, Thanh-Le and Niehues, Jan and Herrmann, Teresa and Mediani, Mohammed and Zhang, Yuqi and Waibel, Alex},
   TITLE = {The Karlsruhe Institute of Technology Translation Systems for the WMT 2015}}
@INPROCEEDINGS{WMT15-016,
   AUTHOR = {Langlois, David},
   SORTNAME = {Langlois, David},
   TITLE = {LORIA System for the WMT15 Quality Estimation Shared Task}}
@INPROCEEDINGS{WMT15-018,
   AUTHOR = {Esplà-Gomis, Miquel and Sánchez-Martínez, Felipe and Forcada, Mikel},
   SORTNAME = {Espla-Gomis, Miquel and Sanchez-Martinez, Felipe and Forcada, Mikel},
   TITLE = {UAlacant word-level machine translation quality estimation system at WMT 2015}}
@INPROCEEDINGS{WMT15-019,
   AUTHOR = {Pal, Santanu and Naskar, Sudip and van Genabith, Josef},
   SORTNAME = {Pal, Santanu and Naskar, Sudip and van Genabith, Josef},
   TITLE = {UdS-Sant: English---German Hybrid Machine Translation System}}
@INPROCEEDINGS{WMT15-002,
   AUTHOR = {Erdmann, Grant and Gwinnup, Jeremy},
   SORTNAME = {Erdmann, Grant and Gwinnup, Jeremy},
   TITLE = {Drem: The AFRL Submission to the WMT15 Tuning Task}}
@INPROCEEDINGS{WMT15-020,
   AUTHOR = {Li, Liangyou and Yu, Hui and Liu, Qun},
   SORTNAME = {Li, Liangyou and Yu, Hui and Liu, Qun},
   TITLE = {MT Tuning on RED: A Dependency-Based Evaluation Metric}}
@INPROCEEDINGS{WMT15-021,
   AUTHOR = {Tezcan, Arda and Hoste, Veronique and Desmet, Bart and Macken, Lieve},
   SORTNAME = {Tezcan, Arda and Hoste, Veronique and Desmet, Bart and Macken, Lieve},
   TITLE = {UGENT-LT3 SCATE System for Machine Translation Quality Estimation}}
@INPROCEEDINGS{WMT15-022,
   AUTHOR = {Peter, Jan-Thorsten and Toutounchi, Farzad and Wuebker, Joern and Ney, Hermann},
   SORTNAME = {Peter, Jan-Thorsten and Toutounchi, Farzad and Wuebker, Joern and Ney, Hermann},
   TITLE = {The RWTH Aachen German-English Machine Translation System for WMT 2015}}
@INPROCEEDINGS{WMT15-023,
   AUTHOR = {Kaeshammer, Miriam},
   SORTNAME = {Kaeshammer, Miriam},
   TITLE = {Hierarchical Machine Translation With Discontinuous Phrases}}
@INPROCEEDINGS{WMT15-024,
   AUTHOR = {Grönroos, Stig-Arne and Virpioja, Sami and Kurimo, Mikko},
   SORTNAME = {Gronroos, Stig-Arne and Virpioja, Sami and Kurimo, Mikko},
   TITLE = {Tuning Phrase-Based Segmented Translation for a Morphologically Complex Target Language}}
@INPROCEEDINGS{WMT15-027,
   AUTHOR = {Yu, Hui and Ma, Qingsong and Wu, Xiaofeng and Liu, Qun},
   SORTNAME = {Yu, Hui and Ma, Qingsong and Wu, Xiaofeng and Liu, Qun},
   TITLE = {CASICT-DCU Participation in WMT2015 Metrics Task}}
@INPROCEEDINGS{WMT15-028,
   AUTHOR = {Niehues, Jan and DO, Quoc-Khanh and Allauzen, Alexandre and Waibel, Alex},
   SORTNAME = {Niehues, Jan and DO, Quoc-Khanh and Allauzen, Alexandre and Waibel, Alex},
   TITLE = {ListNet-based MT Rescoring}}
@INPROCEEDINGS{WMT15-029,
   AUTHOR = {Quernheim, Daniel},
   SORTNAME = {Quernheim, Daniel},
   TITLE = {Exact Decoding with Multi Bottom-Up Tree Transducers}}
@INPROCEEDINGS{WMT15-003,
   AUTHOR = {Guta, Andreas and Wuebker, Joern and Graca, Miguel and Kim, Yunsu and Ney, Hermann},
   SORTNAME = {Guta, Andreas and Wuebker, Joern and Graca, Miguel and Kim, Yunsu and Ney, Hermann},
   TITLE = {Extended Translation Models in Phrase-based Decoding}}
@INPROCEEDINGS{WMT15-031,
   AUTHOR = {Bicici, Ergun and Liu, Qun and Way, Andy},
   SORTNAME = {Bicici, Ergun and Liu, Qun and Way, Andy},
   TITLE = {ParFDA for Fast Deployment of Accurate Statistical Machine Translation Systems, Benchmarks, and  Statistics}}
@INPROCEEDINGS{WMT15-032,
   AUTHOR = {Sugiyama, Kyoshiro and Mizukami, Masahiro and Neubig, Graham and Yoshino, Koichiro and Sakti, Sakriani and Toda, Tomoki and Nakamura, Satoshi},
   SORTNAME = {Sugiyama, Kyoshiro and Mizukami, Masahiro and Neubig, Graham and Yoshino, Koichiro and Sakti, Sakriani and Toda, Tomoki and Nakamura, Satoshi},
   TITLE = {An Investigation of Machine Translation Evaluation Metrics in Cross-lingual Question Answering}}
@INPROCEEDINGS{WMT15-033,
   AUTHOR = {Bicici, Ergun and Liu, Qun and Way, Andy},
   SORTNAME = {Bicici, Ergun and Liu, Qun and Way, Andy},
   TITLE = {Referential Translation Machines for Predicting Translation Quality and Related Statistics}}
@INPROCEEDINGS{WMT15-035,
   AUTHOR = {Isozaki, Hideki and Kouchi, Natsume},
   SORTNAME = {Isozaki, Hideki and Kouchi, Natsume},
   TITLE = {Dependency Analysis of Scrambled References for Better Evaluation of Japanese Translation}}
@INPROCEEDINGS{WMT15-036,
   AUTHOR = {Stanojević, Miloš and Sima'an, Khalil},
   SORTNAME = {Stanojevic, Milos and Sima'an, Khalil},
   TITLE = {BEER 1.1: ILLC UvA submission to metrics and tuning task}}
@INPROCEEDINGS{WMT15-037,
   AUTHOR = {Comelles, Elisabet and Atserias, Jordi},
   SORTNAME = {Comelles, Elisabet and Atserias, Jordi},
   TITLE = {VERTa: a Linguistically-motivated Metric at the WMT15 Metrics Task}}
@INPROCEEDINGS{WMT15-038,
   AUTHOR = {Wisniewski, Guillaume and Pécheux, Nicolas and Yvon, François},
   SORTNAME = {Wisniewski, Guillaume and Pecheux, Nicolas and Yvon, Francois},
   TITLE = {Why Predicting Post-Edition is so Hard? Failure Analysis of LIMSI Submission to the APE Shared Task}}
@INPROCEEDINGS{WMT15-039,
   AUTHOR = {Dušek, Ondřej and Gomes, Luís and Novák, Michal and Popel, Martin and Rosa, Rudolf},
   SORTNAME = {Dusek, Ondrej and Gomes, Luis and Novak, Michal and Popel, Martin and Rosa, Rudolf},
   TITLE = {New Language Pairs in TectoMT}}
@INPROCEEDINGS{WMT15-004,
   AUTHOR = {Pal, Santanu and Vela, Mihaela and Naskar, Sudip Kumar and van Genabith, Josef},
   SORTNAME = {Pal, Santanu and Vela, Mihaela and Naskar, Sudip Kumar and van Genabith, Josef},
   TITLE = {USAAR-SAPE: An English--Spanish Statistical Automatic Post-Editing System}}
@INPROCEEDINGS{WMT15-040,
   AUTHOR = {Fomicheva, Marina and Bel, Núria and da Cunha, Iria and Malinovskiy, Anton},
   SORTNAME = {Fomicheva, Marina and Bel, Nuria and da Cunha, Iria and Malinovskiy, Anton},
   TITLE = {UPF-Cobalt Submission to WMT15 Metrics Task}}
@INPROCEEDINGS{WMT15-042,
   AUTHOR = {Chatterjee, Rajen and Turchi, Marco and Negri, Matteo},
   SORTNAME = {Chatterjee, Rajen and Turchi, Marco and Negri, Matteo},
   TITLE = {The FBK Participation in the WMT15 Automatic Post-editing Shared Task}}
@INPROCEEDINGS{WMT15-043,
   AUTHOR = {Alkhouli, Tamer and Rietig, Felix and Ney, Hermann},
   SORTNAME = {Alkhouli, Tamer and Rietig, Felix and Ney, Hermann},
   TITLE = {Investigations on Phrase-based Decoding with Recurrent Neural Network Language and Translation Models}}
@INPROCEEDINGS{WMT15-044,
   AUTHOR = {Jean, Sébastien and Firat, Orhan and Cho, Kyunghyun and Memisevic, Roland and Bengio, Yoshua},
   SORTNAME = {Jean, Sebastien and Firat, Orhan and Cho, Kyunghyun and Memisevic, Roland and Bengio, Yoshua},
   TITLE = {Montreal Neural Machine Translation Systems for WMT'15}}
@INPROCEEDINGS{WMT15-045,
   AUTHOR = {Vela, Mihaela and Tan, Liling},
   SORTNAME = {Vela, Mihaela and Tan, Liling},
   TITLE = {Predicting Machine Translation Adequacy with Document Embeddings}}
@INPROCEEDINGS{WMT15-046,
   AUTHOR = {Stanojević, Miloš and Kamran, Amir and Koehn, Philipp and Bojar, Ondřej},
   SORTNAME = {Stanojevic, Milos and Kamran, Amir and Koehn, Philipp and Bojar, Ondrej},
   TITLE = {Results of the WMT15 Metrics Shared Task}}
@INPROCEEDINGS{WMT15-047,
   AUTHOR = {Stanojević, Miloš and Kamran, Amir and Bojar, Ondřej},
   SORTNAME = {Stanojevic, Milos and Kamran, Amir and Bojar, Ondrej},
   TITLE = {Results of the WMT15 Tuning Shared Task}}
@INPROCEEDINGS{WMT15-048,
   AUTHOR = {Marie, Benjamin and Allauzen, Alexandre and Burlot, Franck and Do, Quoc-Khanh and Ive, Julia and knyazeva, elena and Labeau, Matthieu and Lavergne, Thomas and Löser, Kevin and Pécheux, Nicolas and Yvon, François},
   SORTNAME = {Marie, Benjamin and Allauzen, Alexandre and Burlot, Franck and Do, Quoc-Khanh and Ive, Julia and knyazeva, elena and Labeau, Matthieu and Lavergne, Thomas and Loser, Kevin and Pecheux, Nicolas and Yvon, Francois},
   TITLE = {LIMSI\@WMT'15 : Translation Task}}
@INPROCEEDINGS{WMT15-049,
   AUTHOR = {Seemann, Nina and Maletti, Andreas},
   SORTNAME = {Seemann, Nina and Maletti, Andreas},
   TITLE = {Discontinuous Statistical Machine Translation with Target-Side Dependency Syntax}}
@INPROCEEDINGS{WMT15-005,
   AUTHOR = {Popović, Maja},
   SORTNAME = {Popovic, Maja},
   TITLE = {chrF: character n-gram F-score for automatic MT evaluation}}
@INPROCEEDINGS{WMT15-050,
   AUTHOR = {Scarton, Carolina and Tan, Liling and Specia, Lucia},
   SORTNAME = {Scarton, Carolina and Tan, Liling and Specia, Lucia},
   TITLE = {USHEF and USAAR-USHEF participation in the WMT15 QE shared task}}
@INPROCEEDINGS{WMT15-051,
   AUTHOR = {Logacheva, Varvara and Hokamp, Chris and Specia, Lucia},
   SORTNAME = {Logacheva, Varvara and Hokamp, Chris and Specia, Lucia},
   TITLE = {Data enhancement and selection strategies for the word-level Quality Estimation}}
@INPROCEEDINGS{WMT15-052,
   AUTHOR = {Tiedemann, Jörg and Ginter, Filip and Kanerva, Jenna},
   SORTNAME = {Tiedemann, Jorg and Ginter, Filip and Kanerva, Jenna},
   TITLE = {Morphological Segmentation and OPUS for Finnish-English Machine Translation}}
@INPROCEEDINGS{WMT15-053,
   AUTHOR = {Steele, David and Sim Smith, Karin and Specia, Lucia},
   SORTNAME = {Steele, David and Sim Smith, Karin and Specia, Lucia},
   TITLE = {Sheffield Systems for the Finnish-English WMT Translation Task}}
@INPROCEEDINGS{WMT15-054,
   AUTHOR = {Bojar, Ondrej and Tamchyna, Aleš},
   SORTNAME = {Bojar, Ondrej and Tamchyna, Ales},
   TITLE = {CUNI in WMT15: Chimera Strikes Again}}
@INPROCEEDINGS{WMT15-055,
   AUTHOR = {Avramidis, Eleftherios and Popović, Maja and Burchardt, Aljoscha},
   SORTNAME = {Avramidis, Eleftherios and Popovic, Maja and Burchardt, Aljoscha},
   TITLE = {DFKI's experimental hybrid MT system for WMT 2015}}
@INPROCEEDINGS{WMT15-056,
   AUTHOR = {Ha, Thanh-Le and DO, Quoc-Khanh and Cho, Eunah and Niehues, Jan and Allauzen, Alexandre and Yvon, François and Waibel, Alex},
   SORTNAME = {Ha, Thanh-Le and DO, Quoc-Khanh and Cho, Eunah and Niehues, Jan and Allauzen, Alexandre and Yvon, Francois and Waibel, Alex},
   TITLE = {The KIT-LIMSI Translation System for WMT 2015}}
@INPROCEEDINGS{WMT15-057,
   AUTHOR = {Cap, Fabienne and Weller, Marion and Ramm, Anita and Fraser, Alexander},
   SORTNAME = {Cap, Fabienne and Weller, Marion and Ramm, Anita and Fraser, Alexander},
   TITLE = {CimS - The CIS and IMS Joint Submission to WMT 2015 addressing morphological and syntactic differences in English to German SMT}}
@INPROCEEDINGS{WMT15-058,
   AUTHOR = {Williams, Philip and Sennrich, Rico and Nadejde, Maria and Huck, Matthias and Koehn, Philipp},
   SORTNAME = {Williams, Philip and Sennrich, Rico and Nadejde, Maria and Huck, Matthias and Koehn, Philipp},
   TITLE = {Edinburgh's Syntax-Based Systems at WMT 2015}}
@INPROCEEDINGS{WMT15-059,
   AUTHOR = {Shah, Kashif and Logacheva, Varvara and Paetzold, Gustavo and Blain, Frédéric and Beck, Daniel and Bougares, Fethi and Specia, Lucia},
   SORTNAME = {Shah, Kashif and Logacheva, Varvara and Paetzold, Gustavo and Blain, Frederic and Beck, Daniel and Bougares, Fethi and Specia, Lucia},
   TITLE = {SHEF-NN: Translation Quality Estimation with Neural Networks}}
@INPROCEEDINGS{WMT15-006,
   AUTHOR = {axelrod, amittai and Resnik, Philip and He, Xiaodong and Ostendorf, Mari},
   SORTNAME = {axelrod, amittai and Resnik, Philip and He, Xiaodong and Ostendorf, Mari},
   TITLE = {Data Selection With Fewer Words}}
@INPROCEEDINGS{WMT15-060,
   AUTHOR = {Schwartz, Lane and Bryce, Bill and Geigle, Chase and Massung, Sean and Liu, Yisi and Peng, Haoruo and Raja, Vignesh and Roy, Subhro and Upadhyay, Shyam},
   SORTNAME = {Schwartz, Lane and Bryce, Bill and Geigle, Chase and Massung, Sean and Liu, Yisi and Peng, Haoruo and Raja, Vignesh and Roy, Subhro and Upadhyay, Shyam},
   TITLE = {The University of Illinois submission to the WMT 2015 Shared Translation Task}}
@INPROCEEDINGS{WMT15-062,
   AUTHOR = {Guzmán, Francisco and Abdelali, Ahmed and Temnikova, Irina and Sajjad, Hassan and Vogel, Stephan},
   SORTNAME = {Guzman, Francisco and Abdelali, Ahmed and Temnikova, Irina and Sajjad, Hassan and Vogel, Stephan},
   TITLE = {How do Humans Evaluate Machine Translation}}
@INPROCEEDINGS{WMT15-064,
   AUTHOR = {Rubino, Raphael and Pirinen, Tommi and Esplà-Gomis, Miquel and Ljubešić, Nikola and Ortiz Rojas, Sergio and Papavassiliou, Vassilis and Prokopidis, Prokopis and Toral, Antonio},
   SORTNAME = {Rubino, Raphael and Pirinen, Tommi and Espla-Gomis, Miquel and Ljubesic, Nikola and Ortiz Rojas, Sergio and Papavassiliou, Vassilis and Prokopidis, Prokopis and Toral, Antonio},
   TITLE = {Abu-MaTran at WMT 2015 Translation Task: Morphological Segmentation and Web Crawling}}
@INPROCEEDINGS{WMT15-067,
   AUTHOR = {Kolachina, Prasanth and Ranta, Aarne},
   SORTNAME = {Kolachina, Prasanth and Ranta, Aarne},
   TITLE = {GF Wide-coverage English-Finnish MT system for WMT 2015}}
@INPROCEEDINGS{WMT15-071,
   AUTHOR = {Gupta, Rohit and Orasan, Constantin and van Genabith, Josef},
   SORTNAME = {Gupta, Rohit and Orasan, Constantin and van Genabith, Josef},
   TITLE = {Machine Translation Evaluation using Recurrent Neural Networks}}
@INPROCEEDINGS{WMT15-072,
   AUTHOR = {Haddow, Barry and Huck, Matthias and Birch, Alexandra and Bogoychev, Nikolay and Koehn, Philipp},
   SORTNAME = {Haddow, Barry and Huck, Matthias and Birch, Alexandra and Bogoychev, Nikolay and Koehn, Philipp},
   TITLE = {The Edinburgh/JHU Phrase-based Machine Translation Systems for WMT{\textasciitilde}2015}}
@INPROCEEDINGS{WMT15-075,
   AUTHOR = {Lo, Chi-kiu and Dowling, Philipp and Wu, Dekai},
   SORTNAME = {Lo, Chi-kiu and Dowling, Philipp and Wu, Dekai},
   TITLE = {Improving evaluation and optimization of MT systems against MEANT}}
@INPROCEEDINGS{WMT15-076,
   AUTHOR = {Chen, Boxing and Guo, Hongyu and Kuhn, Roland},
   SORTNAME = {Chen, Boxing and Guo, Hongyu and Kuhn, Roland},
   TITLE = {Multi-level Evaluation for Machine Translation}}
@INPROCEEDINGS{WMT15-078,
   AUTHOR = {Shang, Liugang and Cai, Dongfeng and Ji, Duo},
   SORTNAME = {Shang, Liugang and Cai, Dongfeng and Ji, Duo},
   TITLE = {Strategy-Based Technology for Estimating MT Quality}}
@INPROCEEDINGS{WMT15-079,
   AUTHOR = {Bojar, Ondřej and Chatterjee, Rajen and Federmann, Christian and Haddow, Barry and Huck, Matthias and Hokamp, Chris and Koehn, Philipp and Logacheva, Varvara and Monz, Christof and Negri, Matteo and Post, Matt and Scarton, Carolina and Specia, Lucia and Turchi, Marco},
   SORTNAME = {Bojar, Ondrej and Chatterjee, Rajen and Federmann, Christian and Haddow, Barry and Huck, Matthias and Hokamp, Chris and Koehn, Philipp and Logacheva, Varvara and Monz, Christof and Negri, Matteo and Post, Matt and Scarton, Carolina and Specia, Lucia and Turchi, Marco},
   TITLE = {Findings of the 2015 Workshop on Statistical Machine Translation}}
@INPROCEEDINGS{WMT15-008,
   AUTHOR = {Marie, Benjamin and Apidianaki, Marianna},
   SORTNAME = {Marie, Benjamin and Apidianaki, Marianna},
   TITLE = {Alignment-based sense selection in METEOR and the RATATOUILLE recipe}}
@INPROCEEDINGS{WMT15-009,
   AUTHOR = {Kreutzer, Julia and Schamoni, Shigehiko and Riezler, Stefan},
   SORTNAME = {Kreutzer, Julia and Schamoni, Shigehiko and Riezler, Stefan},
   TITLE = {QUality Estimation from ScraTCH (QUETCH): Deep Learning for Word-level Translation Quality Estimation}}
