%% This BibTeX bibliography file was created using BibDesk.
%% http://bibdesk.sourceforge.net/

%% Created for Fernando Batista at 2015-08-17 16:39:16 +0100 


%% Saved with string encoding Unicode (UTF-8) 



@inproceedings{tutorials-001,
	Author = {David Jurgens and Mohammad Taher Pilehvar},
	Date-Modified = {2015-06-08 16:42:50 +0000},
	Sortname = {Jurgens, David and Pilehvar, Mohammad Taher},
	Title = {Semantic Similarity Frontiers: From Concepts to Documents}}

@inproceedings{tutorials-002,
	Author = {Yair Neuman},
	Date-Modified = {2015-06-08 16:43:10 +0000},
	Sortname = {Neuman, Yair},
	Title = {Personality Research for NLP}}

@inproceedings{tutorials-003,
	Author = {Laura Chiticariu and Yunyao Li and Frederick Reiss},
	Date-Modified = {2015-06-08 16:45:01 +0000},
	Sortname = {Chiticariu, Laura and Li, Yunyao and Reiss, Frederick},
	Title = {Transparent Machine Learning for Information Extraction: State-of-the-Art and the Future}}

@inproceedings{tutorials-004,
	Author = {Marius Pasca},
	Date-Modified = {2015-06-08 16:43:43 +0000},
	Sortname = {Pasca, Marius},
	Title = {Knowledge Acquisition for Web Search}}

@inproceedings{tutorials-005,
	Author = {Preslav Nakov and Vivi Nastase and Diarmuid Ó Séaghdha and Stan Szpakowicz},
	Date-Modified = {2015-06-08 16:44:13 +0000},
	Sortname = {Nakov, Preslav and Nastase, Vivi and Ó Séaghdha, Diarmuid and Szpakowicz, Stan},
	Title = {Learning Semantic Relations from Text}}

@inproceedings{tutorials-006,
	Author = {Atefeh Farzindar and Diana Inkpen},
	Date-Modified = {2015-08-17 15:39:11 +0000},
	Sortname = {Farzindar, Atefeh and Inkpen, Diana},
	Title = {Applications of Social Media Text Analysis}}

@inproceedings{tutorials-007,
	Author = {Miriam R. L. Petruck and Valia Kordoni},
	Date-Modified = {2015-06-08 16:43:25 +0000},
	Sortname = {Petruck, Miriam R. L. and Kordoni, Valia},
	Title = {Robust Semantic Analysis of Multiword Expressions with FrameNet}}

@inproceedings{tutorials-008,
	Author = {Saif Mohammad and Cecilia Ovesdotter Alm},
	Date-Modified = {2015-06-08 16:45:14 +0000},
	Sortname = {Mohammad, Saif and Ovesdotter Alm, Cecilia},
	Title = {Computational Analysis of Affect and Emotion in Language}}
