%% This BibTeX bibliography file was created using BibDesk.
%% http://bibdesk.sourceforge.net/

%% Created for Fernando Batista at 2015-09-01 19:44:52 +0100 


%% Saved with string encoding Unicode (UTF-8) 



@inproceedings{WMT15,
	Author = {Ondřej Bojar and Christian Federmann and Barry Haddow and Chris Hokamp and Matthias Huck and Pavel Pecina and Philipp Koehn and Christof Monz and Matteo Negri and Matt Post and Caroline Scarton and Lucia Specia and Marco Turchi},
	Date-Modified = {2015-09-01 18:41:18 +0000},
	Sortname = {Ondřej Bojar and Christian Federmann and Barry Haddow and Chris Hokamp and Matthias Huck and Pavel Pecina and Philipp Koehn and Christof Monz and Matteo Negri and Matt Post and Caroline Scarton and Lucia Specia and Marco Turchi},
	Title = {Tenth Workshop on Statistical Machine Translation}}

@inproceedings{CogACLL,
	Author = {Robert Berwick and Anna Korhonen and Alessandro Lenci and Thierry Poibeau and Aline Villavicencio},
	Date-Modified = {2015-09-01 18:38:19 +0000},
	Sortname = {Robert Berwick and Anna Korhonen and Alessandro Lenci and Thierry Poibeau and Aline Villavicencio},
	Title = {Sixth Workshop on Cognitive Aspects of Computational Language Learning}}

@inproceedings{DiscoMT15,
	Author = {Bonnie Webber and Marine Carpuat and Andrei Popescu-Belis},
	Date-Modified = {2015-09-01 18:39:06 +0000},
	Sortname = {Bonnie Webber and Marine Carpuat and Andrei Popescu-Belis},
	Title = {Second Workshop on Discourse in Machine Translation}}

@inproceedings{Louhi15,
	Author = {Cyril Grouin and Thierry Hamon and Aurélie Névéol and Pierre Zweigenbaum},
	Date-Modified = {2015-09-01 18:39:51 +0000},
	Sortname = {Cyril Grouin and Thierry Hamon and Aurélie Névéol and Pierre Zweigenbaum},
	Title = {Sixth Workshop on Health Text Mining and Information Analysis}}

@inproceedings{LSDSem,
	Author = {Michael Roth and Annie Louis and Bonnie Webber and Tim Baldwin},
	Date-Modified = {2015-09-01 18:40:03 +0000},
	Sortname = {Michael Roth and Annie Louis and Bonnie Webber and Tim Baldwin},
	Title = {First Workshop on Linking Models of Lexical, Sentential and Discourse-level Semantics}}

@inproceedings{VL15,
	Author = {Anja Belz and Luisa Coheur and Vittorio Ferrari and Marie-Francine Moens and Katerina Pastra and Ivan Vulić},
	Date-Modified = {2015-09-01 18:44:21 +0000},
	Sortname = {Anja Belz and Luisa Coheur and Vittorio Ferrari and Marie-Francine Moens and Katerina Pastra and Ivan Vulić},
	Title = {Fourth Workshop on Vision and Language}}

@inproceedings{WASSA15,
	Author = {Alexandra Balahur and Erik van der Goot and Piek Vossen and Andres Montoyo},
	Date-Modified = {2015-09-01 18:44:52 +0000},
	Sortname = {Alexandra Balahur and Erik van der Goot and Piek Vossen and Andres Montoyo},
	Title = {6th Workshop on Computational Approaches to Subjectivity, Sentiment and Social Media Analysis}}
