@INPROCEEDINGS{DiscoMT15-001,
   AUTHOR = {Sim Smith, Karin and Aziz, Wilker and Specia, Lucia},
   SORTNAME = {Sim Smith, Karin and Aziz, Wilker and Specia, Lucia},
   TITLE = {A Proposal for a Coherence Corpus in Machine Translation}}
@INPROCEEDINGS{DiscoMT15-010,
   AUTHOR = {Novák, Michal and Oele, Dieke and van Noord, Gertjan},
   SORTNAME = {Novak, Michal and Oele, Dieke and van Noord, Gertjan},
   TITLE = {Comparison of Coreference Resolvers for Deep Syntax Translation}}
@INPROCEEDINGS{DiscoMT15-011,
   AUTHOR = {Zhang, Rong and Ittycheriah, Abraham},
   SORTNAME = {Zhang, Rong and Ittycheriah, Abraham},
   TITLE = {Novel Document Level Features for Statistical Machine Translation}}
@INPROCEEDINGS{DiscoMT15-012,
   AUTHOR = {Mascarell, Laura and Fishel, Mark and Volk, Martin},
   SORTNAME = {Mascarell, Laura and Fishel, Mark and Volk, Martin},
   TITLE = {Detecting Document-level Context Triggers to Resolve Translation Ambiguity}}
@INPROCEEDINGS{DiscoMT15-013,
   AUTHOR = {Loáiciga, Sharid and Wehrli, Eric},
   SORTNAME = {Loaiciga, Sharid and Wehrli, Eric},
   TITLE = {Rule-Based Pronominal Anaphora Treatment for Machine Translation}}
@INPROCEEDINGS{DiscoMT15-014,
   AUTHOR = {Loáiciga, Sharid},
   SORTNAME = {Loaiciga, Sharid},
   TITLE = {Predicting Pronoun Translation Using Syntactic, Morphological and Contextual Features from Parallel Data}}
@INPROCEEDINGS{DiscoMT15-015,
   AUTHOR = {Callin, Jimmy and Hardmeier, Christian and Tiedemann, Jörg},
   SORTNAME = {Callin, Jimmy and Hardmeier, Christian and Tiedemann, Jorg},
   TITLE = {Part-of-Speech Driven Cross-Lingual Pronoun Prediction with Feed-Forward Neural Networks}}
@INPROCEEDINGS{DiscoMT15-016,
   AUTHOR = {Hoek, Jet and Evers-Vermeul, Jacqueline and Sanders, Ted J.M.},
   SORTNAME = {Hoek, Jet and Evers-Vermeul, Jacqueline and Sanders, Ted J.M.},
   TITLE = {The Role of Expectedness in the Implicitation and Explicitation of Discourse Relations}}
@INPROCEEDINGS{DiscoMT15-017,
   AUTHOR = {Wetzel, Dominikus and Lopez, Adam and Webber, Bonnie},
   SORTNAME = {Wetzel, Dominikus and Lopez, Adam and Webber, Bonnie},
   TITLE = {A Maximum Entropy Classifier for Cross-Lingual Pronoun Prediction}}
@INPROCEEDINGS{DiscoMT15-018,
   AUTHOR = {Gong, Zhengxian and Zhang, Min and Zhou, Guodong},
   SORTNAME = {Gong, Zhengxian and Zhang, Min and Zhou, Guodong},
   TITLE = {Document-Level Machine Translation Evaluation with Gist Consistency and Text Cohesion}}
@INPROCEEDINGS{DiscoMT15-019,
   AUTHOR = {Pham, Ngoc-Quan and van der Plas, Lonneke},
   SORTNAME = {Pham, Ngoc-Quan and van der Plas, Lonneke},
   TITLE = {Predicting Pronouns across Languages with Continuous Word Spaces}}
@INPROCEEDINGS{DiscoMT15-002,
   AUTHOR = {Lapshinova-Koltunski, Ekaterina and Vela, Mihaela},
   SORTNAME = {Lapshinova-Koltunski, Ekaterina and Vela, Mihaela},
   TITLE = {Measuring 'Registerness' in Human and Machine Translation: A Text Classification Approach}}
@INPROCEEDINGS{DiscoMT15-020,
   AUTHOR = {van der Wees, Marlies and Bisazza, Arianna and Monz, Christof},
   SORTNAME = {van der Wees, Marlies and Bisazza, Arianna and Monz, Christof},
   TITLE = {Translation Model Adaptation Using Genre-Revealing Text Features}}
@INPROCEEDINGS{DiscoMT15-021,
   AUTHOR = {Tiedemann, Jörg},
   SORTNAME = {Tiedemann, Jorg},
   TITLE = {Baseline Models for Pronoun Prediction and Pronoun-Aware Translation}}
@INPROCEEDINGS{DiscoMT15-022,
   AUTHOR = {Hardmeier, Christian},
   SORTNAME = {Hardmeier, Christian},
   TITLE = {On Statistical Machine Translation and Translation Theory}}
@INPROCEEDINGS{DiscoMT15-023,
   AUTHOR = {Yung, Frances and Duh, Kevin and Matsumoto, Yuji},
   SORTNAME = {Yung, Frances and Duh, Kevin and Matsumoto, Yuji},
   TITLE = {Crosslingual Annotation and Analysis of Implicit Discourse Connectives for Machine Translation}}
@INPROCEEDINGS{DiscoMT15-026,
   AUTHOR = {Hardmeier, Christian and Nakov, Preslav and Stymne, Sara and Tiedemann, Jörg and Versley, Yannick and Cettolo, Mauro},
   SORTNAME = {Hardmeier, Christian and Nakov, Preslav and Stymne, Sara and Tiedemann, Jorg and Versley, Yannick and Cettolo, Mauro},
   TITLE = {Pronoun-Focused MT and Cross-Lingual Pronoun Prediction: Findings of the 2015 DiscoMT Shared Task on Pronoun Translation}}
@INPROCEEDINGS{DiscoMT15-004,
   AUTHOR = {Lapshinova-Koltunski, Ekaterina},
   SORTNAME = {Lapshinova-Koltunski, Ekaterina},
   TITLE = {Exploration of Inter- and Intralingual Variation of Discourse Phenomena}}
@INPROCEEDINGS{DiscoMT15-005,
   AUTHOR = {Luong, Ngoc Quang and Miculicich Werlen, Lesly and Popescu-Belis, Andrei},
   SORTNAME = {Luong, Ngoc Quang and Miculicich Werlen, Lesly and Popescu-Belis, Andrei},
   TITLE = {Pronoun Translation and Prediction with or without Coreference Links}}
@INPROCEEDINGS{DiscoMT15-006,
   AUTHOR = {Guillou, Liane and Webber, Bonnie},
   SORTNAME = {Guillou, Liane and Webber, Bonnie},
   TITLE = {Analysing ParCor and its Translations by State-of-the-art SMT Systems}}
@INPROCEEDINGS{DiscoMT15-007,
   AUTHOR = {Hardmeier, Christian},
   SORTNAME = {Hardmeier, Christian},
   TITLE = {A Document-Level SMT System with Integrated Pronoun Prediction}}
@INPROCEEDINGS{DiscoMT15-008,
   AUTHOR = {Guillou, Liane},
   SORTNAME = {Guillou, Liane},
   TITLE = {Automatic Post-Editing for the DiscoMT Pronoun Translation Task}}
