@INPROCEEDINGS{WASSA15-001,
   AUTHOR = {Vilares, David and Alonso, Miguel A. and Gómez-Rodríguez, Carlos},
   SORTNAME = {Vilares, David and Alonso, Miguel A. and Gomez-Rodriguez, Carlos},
   TITLE = {Sentiment Analysis on Monolingual, Multilingual and Code-Switching Twitter Corpora}}
@INPROCEEDINGS{WASSA15-010,
   AUTHOR = {Tsunoda, Takaaki and Inui, Takashi and Sekine, Satoshi},
   SORTNAME = {Tsunoda, Takaaki and Inui, Takashi and Sekine, Satoshi},
   TITLE = {Utilizing review analysis to suggest product advertisement improvements}}
@INPROCEEDINGS{WASSA15-012,
   AUTHOR = {Skeppstedt, Maria and Schamp-Bjerede, Teri and Sahlgren, Magnus and Paradis, Carita and Kerren, Andreas},
   SORTNAME = {Skeppstedt, Maria and Schamp-Bjerede, Teri and Sahlgren, Magnus and Paradis, Carita and Kerren, Andreas},
   TITLE = {Detecting speculations, contrasts and conditionals in consumer reviews}}
@INPROCEEDINGS{WASSA15-013,
   AUTHOR = {Kessler, Wiltrud and Klinger, Roman and Kuhn, Jonas},
   SORTNAME = {Kessler, Wiltrud and Klinger, Roman and Kuhn, Jonas},
   TITLE = {Towards Opinion Mining from Reviews for the Prediction of Product Rankings}}
@INPROCEEDINGS{WASSA15-015,
   AUTHOR = {Cagnina, Leticia and Rosso, Paolo},
   SORTNAME = {Cagnina, Leticia and Rosso, Paolo},
   TITLE = {Classification of deceptive opinions using a low dimensionality representation}}
@INPROCEEDINGS{WASSA15-016,
   AUTHOR = {Smith, Phillip and Lee, Mark},
   SORTNAME = {Smith, Phillip and Lee, Mark},
   TITLE = {Sentiment Classification via a Response Recalibration Framework}}
@INPROCEEDINGS{WASSA15-019,
   AUTHOR = {Sumanth, Chiraag and Inkpen, Diana},
   SORTNAME = {Sumanth, Chiraag and Inkpen, Diana},
   TITLE = {How much does word sense disambiguation help in sentiment analysis of micropost data?}}
@INPROCEEDINGS{WASSA15-002,
   AUTHOR = {Klenner, Manfred},
   SORTNAME = {Klenner, Manfred},
   TITLE = {Verb-centered Sentiment Inference with Description Logics}}
@INPROCEEDINGS{WASSA15-020,
   AUTHOR = {Plank, Barbara and Hovy, Dirk},
   SORTNAME = {Plank, Barbara and Hovy, Dirk},
   TITLE = {Personality Traits on Twitter—or—How to Get 1,500 Personality Tests in a Week}}
@INPROCEEDINGS{WASSA15-023,
   AUTHOR = {Kober, Thomas and Weir, David},
   SORTNAME = {Kober, Thomas and Weir, David},
   TITLE = {Optimising Agile Social Media Analysis}}
@INPROCEEDINGS{WASSA15-028,
   AUTHOR = {Mohammad, Saif},
   SORTNAME = {Mohammad, Saif},
   TITLE = {Imagisaurus: An Interactive Visualizer of Valence and Emotion in the Roget's Thesaurus}}
@INPROCEEDINGS{WASSA15-029,
   AUTHOR = {Wiegand, Michael and Schulder, Marc and Ruppenhofer, Josef},
   SORTNAME = {Wiegand, Michael and Schulder, Marc and Ruppenhofer, Josef},
   TITLE = {Opinion Holder and Target Extraction for Verb-based Opinion Predicates -- The Problem is Not Solved}}
@INPROCEEDINGS{WASSA15-003,
   AUTHOR = {Schmit, Wernard and Wubben, Sander},
   SORTNAME = {Schmit, Wernard and Wubben, Sander},
   TITLE = {Predicting Ratings for New Movie Releases from Twitter Content}}
@INPROCEEDINGS{WASSA15-032,
   AUTHOR = {Maqsud, Umar},
   SORTNAME = {Maqsud, Umar},
   TITLE = {Synthetic Text Generation for Sentiment Analysis}}
@INPROCEEDINGS{WASSA15-033,
   AUTHOR = {Ruppenhofer, Josef and Brandes, Jasper},
   SORTNAME = {Ruppenhofer, Josef and Brandes, Jasper},
   TITLE = {Extending effect annotation with lexical decomposition}}
@INPROCEEDINGS{WASSA15-037,
   AUTHOR = {Flekova, Lucie and Preoţiuc-Pietro, Daniel and Ruppert, Eugen},
   SORTNAME = {Flekova, Lucie and Preotiuc-Pietro, Daniel and Ruppert, Eugen},
   TITLE = {Analysing domain suitability of a sentiment lexicon by identifying distributionally bipolar words}}
@INPROCEEDINGS{WASSA15-038,
   AUTHOR = {Simeon, Credell and Hilderman, Robert},
   SORTNAME = {Simeon, Credell and Hilderman, Robert},
   TITLE = {Using Combined Lexical Resources to Identify Hashtag Types}}
@INPROCEEDINGS{WASSA15-004,
   AUTHOR = {Miháltz, Márton and Váradi, Tamás and Csertő, István and Fülöp, Éva and Pólya, Tibor and Kővágó, Pál},
   SORTNAME = {Mihaltz, Marton and Varadi, Tamas and Cserto, Istvan and Fulop, Eva and Polya, Tibor and Kovago, Pal},
   TITLE = {Beyond Sentiment: Social Psychological Analysis of Political Facebook Comments in Hungary}}
@INPROCEEDINGS{WASSA15-043,
   AUTHOR = {Carpuat, Marine},
   SORTNAME = {Carpuat, Marine},
   TITLE = {Connotation in Translation}}
@INPROCEEDINGS{WASSA15-045,
   AUTHOR = {Sinha, Priyanka and Dey, Lipika and Mitra, Pabitra and Basu, Anupam},
   SORTNAME = {Sinha, Priyanka and Dey, Lipika and Mitra, Pabitra and Basu, Anupam},
   TITLE = {Mining HEXACO personality traits from Enterprise Social Media}}
@INPROCEEDINGS{WASSA15-046,
   AUTHOR = {Vosoughi, Soroush and Zhou, Helen and roy, deb},
   SORTNAME = {Vosoughi, Soroush and Zhou, Helen and roy, deb},
   TITLE = {Enhanced Twitter Sentiment Classification Using Contextual Information}}
@INPROCEEDINGS{WASSA15-049,
   AUTHOR = {Kozareva, Zornitsa},
   SORTNAME = {Kozareva, Zornitsa},
   TITLE = {Multilingual Affect Polarity and Valence Prediction in Metaphors}}
@INPROCEEDINGS{WASSA15-005,
   AUTHOR = {Ebert, Sebastian and Vu, Ngoc Thang and Schütze, Hinrich},
   SORTNAME = {Ebert, Sebastian and Vu, Ngoc Thang and Schutze, Hinrich},
   TITLE = {A Linguistically Informed Convolutional Neural Network}}
@INPROCEEDINGS{WASSA15-006,
   AUTHOR = {Reitan, Johan and Faret, Jørgen and Gambäck, Björn and Bungum, Lars},
   SORTNAME = {Reitan, Johan and Faret, Jørgen and Gamback, Bjorn and Bungum, Lars},
   TITLE = {Negation Scope Detection for Twitter Sentiment Analysis}}
@INPROCEEDINGS{WASSA15-007,
   AUTHOR = {Khattri, Anupam and Joshi, Aditya and Bhattacharyya, Pushpak and Carman, Mark},
   SORTNAME = {Khattri, Anupam and Joshi, Aditya and Bhattacharyya, Pushpak and Carman, Mark},
   TITLE = {Your Sentiment Precedes You: Using an author's historical tweets to predict sarcasm}}
