@INPROCEEDINGS{CogACLL-011,
   AUTHOR = {van den Bosch, Antal and Bresnan, Joan},
   SORTNAME = {van den Bosch, Antal and Bresnan, Joan},
   TITLE = {Modeling dative alternations of individual children}}
@INPROCEEDINGS{CogACLL-012,
   AUTHOR = {Grimm, Robert and Cassani, Giovanni and Daelemans, Walter and Gillis, Steven},
   SORTNAME = {Grimm, Robert and Cassani, Giovanni and Daelemans, Walter and Gillis, Steven},
   TITLE = {Towards a Model of Prediction-based Syntactic Category Acquisition: First Steps with Word Embeddings}}
@INPROCEEDINGS{CogACLL-013,
   AUTHOR = {Cassani, Giovanni and Grimm, Robert and Daelemans, Walter and Gillis, Steven},
   SORTNAME = {Cassani, Giovanni and Grimm, Robert and Daelemans, Walter and Gillis, Steven},
   TITLE = {Which distributional cues help the most? Unsupervised contexts selection for lexical category acquisition}}
@INPROCEEDINGS{CogACLL-014,
   AUTHOR = {Barrett, Maria and Søgaard, Anders},
   SORTNAME = {Barrett, Maria and Søgaard, Anders},
   TITLE = {Using reading behavior to predict grammatical functions}}
@INPROCEEDINGS{CogACLL-016,
   AUTHOR = {Klerke, Sigrid and Castilho, Sheila and Barrett, Maria and Søgaard, Anders},
   SORTNAME = {Klerke, Sigrid and Castilho, Sheila and Barrett, Maria and Søgaard, Anders},
   TITLE = {Reading metrics for estimating task efficiency with MT output}}
@INPROCEEDINGS{CogACLL-017,
   AUTHOR = {Bloem, Jelke and Versloot, Arjen and Weerman, Fred},
   SORTNAME = {Bloem, Jelke and Versloot, Arjen and Weerman, Fred},
   TITLE = {An agent-based model of a historical word order change}}
@INPROCEEDINGS{CogACLL-018,
   AUTHOR = {Beekhuizen, Barend and Stevenson, Suzanne},
   SORTNAME = {Beekhuizen, Barend and Stevenson, Suzanne},
   TITLE = {Perceptual, conceptual, and frequency effects on error patterns in English color term acquisition}}
@INPROCEEDINGS{CogACLL-021,
   AUTHOR = {Ludusan, Bogdan and Seidl, Amanda and Dupoux, Emmanuel and Cristia, Alex},
   SORTNAME = {Ludusan, Bogdan and Seidl, Amanda and Dupoux, Emmanuel and Cristia, Alex},
   TITLE = {Motif discovery in infant- and adult-directed speech}}
@INPROCEEDINGS{CogACLL-022,
   AUTHOR = {Cornudella, Miquel and Poibeau, Thierry},
   SORTNAME = {Cornudella, Miquel and Poibeau, Thierry},
   TITLE = {Language Emergence in a Population of Artificial Agents Equipped with the Autotelic Principle}}
@INPROCEEDINGS{CogACLL-023,
   AUTHOR = {Faria, Pablo},
   SORTNAME = {Faria, Pablo},
   TITLE = {A Computational Study of Cross-situational Lexical Learning of Brazilian Portuguese}}
@INPROCEEDINGS{CogACLL-024,
   AUTHOR = {Çöltekin, Çağrı},
   SORTNAME = {Coltekin, Cagrı},
   TITLE = {Units in segmentation: a computational investigation}}
@INPROCEEDINGS{CogACLL-025,
   AUTHOR = {Brochhagen, Thomas},
   SORTNAME = {Brochhagen, Thomas},
   TITLE = {Improving Coordination on Novel Meaning through Context and Semantic Structure}}
@INPROCEEDINGS{CogACLL-026,
   AUTHOR = {Berdicevskis, Aleksandrs},
   SORTNAME = {Berdicevskis, Aleksandrs},
   TITLE = {Estimating Grammeme Redundancy by Measuring Their Importance for Syntactic Parser Performance}}
@INPROCEEDINGS{CogACLL-027,
   AUTHOR = {Luong, Thang and O'Donnell, Timothy and Goodman, Noah},
   SORTNAME = {Luong, Thang and O'Donnell, Timothy and Goodman, Noah},
   TITLE = {Evaluating Models of Computation and Storage in Human Sentence Processing}}
