@INPROCEEDINGS{Louhi15-013,
   AUTHOR = {Yetisgen, Meliha and Klassen, Prescott and McCarthy, Lucas and Pellicer, Elena and Payne, Tom and Gunn, Martin},
   SORTNAME = {Yetisgen, Meliha and Klassen, Prescott and McCarthy, Lucas and Pellicer, Elena and Payne, Tom and Gunn, Martin},
   TITLE = {Annotation of Clinically Important Follow-up Recommendations in Radiology Reports}}
@INPROCEEDINGS{Louhi15-015,
   AUTHOR = {Yim, Wen-wai and Kwan, Sharon and Yetisgen, Meliha},
   SORTNAME = {Yim, Wen-wai and Kwan, Sharon and Yetisgen, Meliha},
   TITLE = {In-depth annotation for patient level liver cancer staging}}
@INPROCEEDINGS{Louhi15-016,
   AUTHOR = {Dwi Prasetyo, Nugroho and Hauff, Claudia and Nguyen, Dong and van den Broek, Tijs and Hiemstra, Djoerd},
   SORTNAME = {Dwi Prasetyo, Nugroho and Hauff, Claudia and Nguyen, Dong and van den Broek, Tijs and Hiemstra, Djoerd},
   TITLE = {On the Impact of Twitter-based Health Campaigns: A Cross-Country Analysis of Movember}}
@INPROCEEDINGS{Louhi15-018,
   AUTHOR = {Segura-Bedmar, Isabel and Suárez-Paniagua, Víctor and Martínez, Paloma},
   SORTNAME = {Segura-Bedmar, Isabel and Suarez-Paniagua, Victor and Martinez, Paloma},
   TITLE = {Exploring Word Embedding for Drug Name Recognition}}
@INPROCEEDINGS{Louhi15-002,
   AUTHOR = {Cruz Diaz, Noa P. and Maña López, Manuel},
   SORTNAME = {Cruz Diaz, Noa P. and Mana Lopez, Manuel},
   TITLE = {An Analysis of Biomedical Tokenization: Problems and Strategies}}
@INPROCEEDINGS{Louhi15-021,
   AUTHOR = {Weegar, Rebecka and Dalianis, Hercules},
   SORTNAME = {Weegar, Rebecka and Dalianis, Hercules},
   TITLE = {Creating a rule based system for text mining of Norwegian breast cancer pathology reports}}
@INPROCEEDINGS{Louhi15-022,
   AUTHOR = {Mitchell, Jeff and Steedman, Mark},
   SORTNAME = {Mitchell, Jeff and Steedman, Mark},
   TITLE = {Parser Adaptation to the Biomedical Domain without Re-Training}}
@INPROCEEDINGS{Louhi15-024,
   AUTHOR = {Alfalahi, Alyaa and Skeppstedt, Maria and Ahlbom, Rickard and Baskalayci, Roza and Henriksson, Aron and Asker, Lars and Paradis, Carita and Kerren, Andreas},
   SORTNAME = {Alfalahi, Alyaa and Skeppstedt, Maria and Ahlbom, Rickard and Baskalayci, Roza and Henriksson, Aron and Asker, Lars and Paradis, Carita and Kerren, Andreas},
   TITLE = {Expanding a dictionary of marker words for uncertainty and negation using distributional semantics}}
@INPROCEEDINGS{Louhi15-025,
   AUTHOR = {Roller, Roland and Stevenson, Mark},
   SORTNAME = {Roller, Roland and Stevenson, Mark},
   TITLE = {Held-out versus Gold Standard: Comparison of Evaluation Strategies for Distantly Supervised Relation Extraction from Medline abstracts}}
@INPROCEEDINGS{Louhi15-027,
   AUTHOR = {Busse, Sebastian},
   SORTNAME = {Busse, Sebastian},
   TITLE = {Checking a structured pathology report for completeness of content using terminological knowledge}}
@INPROCEEDINGS{Louhi15-028,
   AUTHOR = {Grouin, Cyril and Griffon, Nicolas and Névéol, Aurélie},
   SORTNAME = {Grouin, Cyril and Griffon, Nicolas and Neveol, Aurelie},
   TITLE = {Is it possible to recover personal health information from an automatically de-identified corpus of French EHRs?}}
@INPROCEEDINGS{Louhi15-029,
   AUTHOR = {Cocos, Anne and Masino, Aaron and Qian, Ting and Pavlick, Ellie and Callison-Burch, Chris},
   SORTNAME = {Cocos, Anne and Masino, Aaron and Qian, Ting and Pavlick, Ellie and Callison-Burch, Chris},
   TITLE = {Effectively Crowdsourcing Radiology Report Annotations}}
@INPROCEEDINGS{Louhi15-031,
   AUTHOR = {Sadeque, Farig and Solorio, Thamar and Pedersen, Ted and Shrestha, Prasha and Bethard, Steven},
   SORTNAME = {Sadeque, Farig and Solorio, Thamar and Pedersen, Ted and Shrestha, Prasha and Bethard, Steven},
   TITLE = {Predicting Continued Participation in Online Health Forums}}
@INPROCEEDINGS{Louhi15-032,
   AUTHOR = {D'hondt, Eva and Tannier, Xavier and Névéol, Aurélie},
   SORTNAME = {D'hondt, Eva and Tannier, Xavier and Neveol, Aurelie},
   TITLE = {Redundancy in French Electronic Health Records: A preliminary study}}
@INPROCEEDINGS{Louhi15-037,
   AUTHOR = {Venturi, Giulia and Bellandi, Tommaso and Dell'Orletta, Felice and Montemagni, Simonetta},
   SORTNAME = {Venturi, Giulia and Bellandi, Tommaso and Dell'Orletta, Felice and Montemagni, Simonetta},
   TITLE = {NLP---Based Readability Assessment of Health---Related Texts: a Case Study on Italian Informed Consent Forms}}
@INPROCEEDINGS{Louhi15-039,
   AUTHOR = {Jagannatha, Abhyuday and Chen, Jinying and Yu, Hong},
   SORTNAME = {Jagannatha, Abhyuday and Chen, Jinying and Yu, Hong},
   TITLE = {Mining and Ranking Biomedical Synonym Candidates from Wikipedia}}
@INPROCEEDINGS{Louhi15-042,
   AUTHOR = {Zheng, Jiaping and Yu, Hong},
   SORTNAME = {Zheng, Jiaping and Yu, Hong},
   TITLE = {Identifying Key Concepts from EHR Notes Using Domain Adaptation}}
@INPROCEEDINGS{Louhi15-044,
   AUTHOR = {Henriksson, Aron},
   SORTNAME = {Henriksson, Aron},
   TITLE = {Representing Clinical Notes for Adverse Drug Event Detection}}
@INPROCEEDINGS{Louhi15-045,
   AUTHOR = {Moens, Marie-Francine},
   SORTNAME = {Moens, Marie-Francine},
   TITLE = {Information Extraction from Biomedical Texts: Learning Models with Limited Supervision}}
@INPROCEEDINGS{Louhi15-005,
   AUTHOR = {Friedrich, Stefanie and Dalianis, Hercules},
   SORTNAME = {Friedrich, Stefanie and Dalianis, Hercules},
   TITLE = {Adverse Drug Event classification of health records using dictionary based pre-processing and machine learning}}
