@INPROCEEDINGS{papers-1001,
   AUTHOR = {Takeno, Shunsuke and Nagata, Masaaki and Yamamoto, Kazuhide},
   SORTNAME = {Takeno, Shunsuke and Nagata, Masaaki and Yamamoto, Kazuhide},
   TITLE = {Empty Category Detection using Path Features and Distributed Case Frames}}
@INPROCEEDINGS{papers-1016,
   AUTHOR = {Fukumoto, Fumiyo and Suzuki, Yoshimi},
   SORTNAME = {Fukumoto, Fumiyo and Suzuki, Yoshimi},
   TITLE = {Learning Timeline Difference for Text Categorization}}
@INPROCEEDINGS{papers-102,
   AUTHOR = {Gong, Yeyun and Zhang, Qi and Huang, Xuanjing},
   SORTNAME = {Gong, Yeyun and Zhang, Qi and Huang, Xuanjing},
   TITLE = {Hashtag Recommendation Using Dirichlet Process Mixture Models Incorporating Types of Hashtags}}
@INPROCEEDINGS{papers-1032,
   AUTHOR = {Masumura, Ryo and Asami, Taichi and Oba, Takanobu and Masataki, Hirokazu and Sakauchi, Sumitaka and Ito, Akinori},
   SORTNAME = {Masumura, Ryo and Asami, Taichi and Oba, Takanobu and Masataki, Hirokazu and Sakauchi, Sumitaka and Ito, Akinori},
   TITLE = {Hierarchical Latent Words Language Models for Robust Modeling to Out-Of Domain Tasks}}
@INPROCEEDINGS{papers-1040,
   AUTHOR = {Sharma, Raksha and Gupta, Mohit and Agarwal, Astha and Bhattacharyya, Pushpak},
   SORTNAME = {Sharma, Raksha and Gupta, Mohit and Agarwal, Astha and Bhattacharyya, Pushpak},
   TITLE = {Adjective Intensity and Sentiment Analysis}}
@INPROCEEDINGS{papers-1041,
   AUTHOR = {Eckle-Kohler, Judith and Kluge, Roland and Gurevych, Iryna},
   SORTNAME = {Eckle-Kohler, Judith and Kluge, Roland and Gurevych, Iryna},
   TITLE = {On the Role of Discourse Markers for Discriminating Claims and Premises in Argumentative Discourse}}
@INPROCEEDINGS{papers-1044,
   AUTHOR = {Higashinaka, Ryuichiro and Mizukami, Masahiro and Funakoshi, Kotaro and Araki, Masahiro and Tsukahara, Hiroshi and Kobayashi, Yuka},
   SORTNAME = {Higashinaka, Ryuichiro and Mizukami, Masahiro and Funakoshi, Kotaro and Araki, Masahiro and Tsukahara, Hiroshi and Kobayashi, Yuka},
   TITLE = {Fatal or not? Finding errors that lead to dialogue breakdowns in chat-oriented dialogue systems}}
@INPROCEEDINGS{papers-1048,
   AUTHOR = {Labeau, Matthieu and Löser, Kevin and Allauzen, Alexandre},
   SORTNAME = {Labeau, Matthieu and Loser, Kevin and Allauzen, Alexandre},
   TITLE = {Non-lexical neural architecture for fine-grained POS Tagging}}
@INPROCEEDINGS{papers-105,
   AUTHOR = {Xiang, Chuncheng and Jiang, Tingsong and Chang, Baobao and Sui, Zhifang},
   SORTNAME = {Xiang, Chuncheng and Jiang, Tingsong and Chang, Baobao and Sui, Zhifang},
   TITLE = {ERSOM: A Structural Ontology Matching Approach Using Automatically Learned Entity Representation}}
@INPROCEEDINGS{papers-1051,
   AUTHOR = {Litvak, Marina and Last, Mark and Vanetik, Natalia},
   SORTNAME = {Litvak, Marina and Last, Mark and Vanetik, Natalia},
   TITLE = {Krimping texts for better summarization}}
@INPROCEEDINGS{papers-1056,
   AUTHOR = {Attamimi, Muhammad and Ando, Yuji and Nakamura, Tomoaki and Nagai, Takayuki and Mochihashi, Daichi and Kobayashi, Ichiro and Asoh, Hideki},
   SORTNAME = {Attamimi, Muhammad and Ando, Yuji and Nakamura, Tomoaki and Nagai, Takayuki and Mochihashi, Daichi and Kobayashi, Ichiro and Asoh, Hideki},
   TITLE = {Learning Word Meanings and Grammar for Describing Everyday Activities in Smart Environments}}
@INPROCEEDINGS{papers-1058,
   AUTHOR = {DO, Quoc-Khanh and Allauzen, Alexandre and Yvon, François},
   SORTNAME = {DO, Quoc-Khanh and Allauzen, Alexandre and Yvon, Francois},
   TITLE = {A Discriminative Training Procedure for Continuous Translation Models}}
@INPROCEEDINGS{papers-1060,
   AUTHOR = {Gkatzia, Dimitra and Rieser, Verena and Bartie, Phil and Mackaness, William},
   SORTNAME = {Gkatzia, Dimitra and Rieser, Verena and Bartie, Phil and Mackaness, William},
   TITLE = {From the Virtual to the RealWorld: Referring to Objects in Real-World Spatial Scenes}}
@INPROCEEDINGS{papers-1061,
   AUTHOR = {Ma, Wei-Yun and McKeown, Kathleen},
   SORTNAME = {Ma, Wei-Yun and McKeown, Kathleen},
   TITLE = {System Combination for Machine Translation through Paraphrasing}}
@INPROCEEDINGS{papers-1062,
   AUTHOR = {Chen, Xinchi and Qiu, Xipeng and Zhu, Chenxi and Wu, Shiyu and Huang, Xuanjing},
   SORTNAME = {Chen, Xinchi and Qiu, Xipeng and Zhu, Chenxi and Wu, Shiyu and Huang, Xuanjing},
   TITLE = {Sentence Modeling with Gated Recursive Neural Network}}
@INPROCEEDINGS{papers-1065,
   AUTHOR = {Borgholt, Lasse and Simonsen, Peter and Hovy, Dirk},
   SORTNAME = {Borgholt, Lasse and Simonsen, Peter and Hovy, Dirk},
   TITLE = {The Rating Game: Sentiment Rating Reproducibility from Text}}
@INPROCEEDINGS{papers-1066,
   AUTHOR = {Zhou, Deyu and Xu, Haiyang and He, Yulan},
   SORTNAME = {Zhou, Deyu and Xu, Haiyang and He, Yulan},
   TITLE = {An Unsupervised Bayesian Modelling Approach for Storyline Detection on News Articles}}
@INPROCEEDINGS{papers-1078,
   AUTHOR = {Wuebker, Joern and Green, Spence and DeNero, John},
   SORTNAME = {Wuebker, Joern and Green, Spence and DeNero, John},
   TITLE = {Hierarchical Incremental Adaptation for Statistical Machine Translation}}
@INPROCEEDINGS{papers-1081,
   AUTHOR = {Parveen, Daraksha and Ramsl, Hans-Martin and Strube, Michael},
   SORTNAME = {Parveen, Daraksha and Ramsl, Hans-Martin and Strube, Michael},
   TITLE = {Topical Coherence for Graph-based Extractive Summarization}}
@INPROCEEDINGS{papers-1089,
   AUTHOR = {Radford, Will and Carreras, Xavier and Henderson, James},
   SORTNAME = {Radford, Will and Carreras, Xavier and Henderson, James},
   TITLE = {Named entity recognition with document-specific KB tag gazetteers}}
@INPROCEEDINGS{papers-109,
   AUTHOR = {Riedl, Martin and Biemann, Chris},
   SORTNAME = {Riedl, Martin and Biemann, Chris},
   TITLE = {A Single Word is not Enough: Ranking Multiword Expressions Using Distributional Semantics}}
@INPROCEEDINGS{papers-1090,
   AUTHOR = {Jiménez-Zafra, Salud M. and Berardi, Giacomo and Esuli, Andrea and Marcheggiani, Diego and Martín-Valdivia, María Teresa and Moreo Fernández, Alejandro},
   SORTNAME = {Jimenez-Zafra, Salud M. and Berardi, Giacomo and Esuli, Andrea and Marcheggiani, Diego and Martin-Valdivia, Maria Teresa and Moreo Fernandez, Alejandro},
   TITLE = {A Multi-lingual Annotated Dataset for Aspect-Oriented Opinion Mining}}
@INPROCEEDINGS{papers-1091,
   AUTHOR = {Song, Wei and Fu, Ruiji and Liu, Lizhen and Liu, Ting},
   SORTNAME = {Song, Wei and Fu, Ruiji and Liu, Lizhen and Liu, Ting},
   TITLE = {Discourse Element Identification in Student Essays based on Global and Local Cohesion}}
@INPROCEEDINGS{papers-011,
   AUTHOR = {Tang, Duyu and Qin, Bing and Liu, Ting},
   SORTNAME = {Tang, Duyu and Qin, Bing and Liu, Ting},
   TITLE = {Document Modeling with Gated Recurrent Neural Network for Sentiment Classification}}
@INPROCEEDINGS{papers-1104,
   AUTHOR = {Luo, Wencan and Litman, Diane},
   SORTNAME = {Luo, Wencan and Litman, Diane},
   TITLE = {Summarizing Student Responses to Reflection Prompts}}
@INPROCEEDINGS{papers-1106,
   AUTHOR = {Rei, Marek},
   SORTNAME = {Rei, Marek},
   TITLE = {Online Representation Learning in Recurrent Neural Language Models}}
@INPROCEEDINGS{papers-1109,
   AUTHOR = {Jaech, Aaron and Ostendorf, Mari},
   SORTNAME = {Jaech, Aaron and Ostendorf, Mari},
   TITLE = {What Your Username Says About You}}
@INPROCEEDINGS{papers-1115,
   AUTHOR = {Do, Quynh Ngoc Thi and Bethard, Steven and Moens, Marie-Francine},
   SORTNAME = {Do, Quynh Ngoc Thi and Bethard, Steven and Moens, Marie-Francine},
   TITLE = {Adapting Coreference Resolution for Narrative Processing}}
@INPROCEEDINGS{papers-1120,
   AUTHOR = {Kim, Sun and Yeganova, Lana and Wilbur, W John},
   SORTNAME = {Kim, Sun and Yeganova, Lana and Wilbur, W John},
   TITLE = {Summarizing Topical Contents from PubMed Documents Using a Thematic Analysis}}
@INPROCEEDINGS{papers-1125,
   AUTHOR = {Yazdani, Majid and Henderson, James},
   SORTNAME = {Yazdani, Majid and Henderson, James},
   TITLE = {A Model of Zero-Shot Learning of Spoken Language Understanding}}
@INPROCEEDINGS{papers-1127,
   AUTHOR = {Gupta, Rohit and Orasan, Constantin and van Genabith, Josef},
   SORTNAME = {Gupta, Rohit and Orasan, Constantin and van Genabith, Josef},
   TITLE = {ReVal: A Simple and Effective Machine Translation Evaluation Metric Based on Recurrent Neural Networks}}
@INPROCEEDINGS{papers-1133,
   AUTHOR = {Yogatama, Dani and Liu, Fei and Smith, Noah A.},
   SORTNAME = {Yogatama, Dani and Liu, Fei and Smith, Noah A.},
   TITLE = {Extractive Summarization by Maximizing Semantic Volume}}
@INPROCEEDINGS{papers-1134,
   AUTHOR = {Hu, Baotian and Chen, Qingcai and Zhu, Fangze},
   SORTNAME = {Hu, Baotian and Chen, Qingcai and Zhu, Fangze},
   TITLE = {LCSTS: A Large Scale Chinese Short Text Summarization Dataset}}
@INPROCEEDINGS{papers-1139,
   AUTHOR = {Schrading, Nicolas and Ovesdotter Alm, Cecilia and Ptucha, Ray and Homan, Christopher},
   SORTNAME = {Schrading, Nicolas and Ovesdotter Alm, Cecilia and Ptucha, Ray and Homan, Christopher},
   TITLE = {An Analysis of Domestic Abuse Discourse on Reddit}}
@INPROCEEDINGS{papers-1145,
   AUTHOR = {Mineshima, Koji and Martínez-Gómez, Pascual and Miyao, Yusuke and Bekki, Daisuke},
   SORTNAME = {Mineshima, Koji and Martinez-Gomez, Pascual and Miyao, Yusuke and Bekki, Daisuke},
   TITLE = {Higher-order logical inference with compositional semantics}}
@INPROCEEDINGS{papers-1149,
   AUTHOR = {Wurzer, Dominik and Lavrenko, Victor and Osborne, Miles},
   SORTNAME = {Wurzer, Dominik and Lavrenko, Victor and Osborne, Miles},
   TITLE = {Twitter-scale New Event Detection via K-term Hashing}}
@INPROCEEDINGS{papers-1152,
   AUTHOR = {Wasserman Pritsker, Evgenia and Cohen, William and Minkov, Einat},
   SORTNAME = {Wasserman Pritsker, Evgenia and Cohen, William and Minkov, Einat},
   TITLE = {Learning to Identify the Best Contexts for Knowledge-based WSD}}
@INPROCEEDINGS{papers-1156,
   AUTHOR = {Zhou, Lipu and Dai, Shuaixiang and Chen, Liwei},
   SORTNAME = {Zhou, Lipu and Dai, Shuaixiang and Chen, Liwei},
   TITLE = {Learn to Solve Algebra Word Problems Using Quadratic Programming}}
@INPROCEEDINGS{papers-116,
   AUTHOR = {Qiu, Likun and Zhang, Yue and Lu, Yanan},
   SORTNAME = {Qiu, Likun and Zhang, Yue and Lu, Yanan},
   TITLE = {Syntactic Dependencies and Distributed Word Representations for Analogy Detection and Mining}}
@INPROCEEDINGS{papers-1161,
   AUTHOR = {Biran, Or and McKeown, Kathleen},
   SORTNAME = {Biran, Or and McKeown, Kathleen},
   TITLE = {Discourse Planning with an N-gram Model of Relations}}
@INPROCEEDINGS{papers-1183,
   AUTHOR = {Wijaya, Derry Tanti and Nakashole, Ndapandula and Mitchell, Tom},
   SORTNAME = {Wijaya, Derry Tanti and Nakashole, Ndapandula and Mitchell, Tom},
   TITLE = {''A Spousal Relation Begins with a Deletion of engage and Ends with an Addition of divorce'': Learning State Changing Verbs from Wikipedia Revision History}}
@INPROCEEDINGS{papers-1184,
   AUTHOR = {Liang, Chen and Wu, Zhaohui and Huang, Wenyi and Giles, C. Lee},
   SORTNAME = {Liang, Chen and Wu, Zhaohui and Huang, Wenyi and Giles, C. Lee},
   TITLE = {Measuring Prerequisite Relations Among Concepts}}
@INPROCEEDINGS{papers-1188,
   AUTHOR = {Lukasik, Michal and Cohn, Trevor and Bontcheva, Kalina},
   SORTNAME = {Lukasik, Michal and Cohn, Trevor and Bontcheva, Kalina},
   TITLE = {Classifying Tweet Level Judgements of Rumours in Social Media}}
@INPROCEEDINGS{papers-1189,
   AUTHOR = {Futrell, Richard and Gibson, Edward},
   SORTNAME = {Futrell, Richard and Gibson, Edward},
   TITLE = {Experiments with Generative Models for Dependency Tree Linearization}}
@INPROCEEDINGS{papers-119,
   AUTHOR = {Zoph, Barret and Ghazvininejad, Marjan and Knight, Kevin},
   SORTNAME = {Zoph, Barret and Ghazvininejad, Marjan and Knight, Kevin},
   TITLE = {How Much Information Does a Human Translator Add to the Original?}}
@INPROCEEDINGS{papers-1190,
   AUTHOR = {Bing, Lidong and Chaudhari, Sneha and Wang, Richard and Cohen, William},
   SORTNAME = {Bing, Lidong and Chaudhari, Sneha and Wang, Richard and Cohen, William},
   TITLE = {Improving Distant Supervision for Information Extraction Using Label Propagation Through Lists}}
@INPROCEEDINGS{papers-1191,
   AUTHOR = {Limsopatham, Nut and Collier, Nigel},
   SORTNAME = {Limsopatham, Nut and Collier, Nigel},
   TITLE = {Adapting Phrase-based Machine Translation to Normalise Medical Terms in Social Media Messages}}
@INPROCEEDINGS{papers-1192,
   AUTHOR = {Rafae, Abdul and Qayyum, Abdul and Moeenuddin, Muhammad and Karim, Asim and Sajjad, Hassan and Kamiran, Faisal},
   SORTNAME = {Rafae, Abdul and Qayyum, Abdul and Moeenuddin, Muhammad and Karim, Asim and Sajjad, Hassan and Kamiran, Faisal},
   TITLE = {An Unsupervised Method for Discovering Lexical Variations in Roman Urdu Informal Text}}
@INPROCEEDINGS{papers-1203,
   AUTHOR = {Kobayashi, Hayato and Noguchi, Masaki and Yatsuka, Taichi},
   SORTNAME = {Kobayashi, Hayato and Noguchi, Masaki and Yatsuka, Taichi},
   TITLE = {Summarization Based on Embedding Distributions}}
@INPROCEEDINGS{papers-121,
   AUTHOR = {Wang, Xiaolin and Utiyama, Masao and Finch, Andrew and Watanabe, Taro and Sumita, Eiichiro},
   SORTNAME = {Wang, Xiaolin and Utiyama, Masao and Finch, Andrew and Watanabe, Taro and Sumita, Eiichiro},
   TITLE = {Leave-one-out Word Alignment without Garbage Collector Effects}}
@INPROCEEDINGS{papers-1211,
   AUTHOR = {Kumar, Gaurav and Blackwood, Graeme and Trmal, Jan and Povey, Daniel and Khudanpur, Sanjeev},
   SORTNAME = {Kumar, Gaurav and Blackwood, Graeme and Trmal, Jan and Povey, Daniel and Khudanpur, Sanjeev},
   TITLE = {A Coarse-Grained Model for Optimal Coupling of ASR and SMT Systems for Speech Translation}}
@INPROCEEDINGS{papers-1222,
   AUTHOR = {Shah, Kashif and Ng, Raymond W. M. and Bougares, Fethi and Specia, Lucia},
   SORTNAME = {Shah, Kashif and Ng, Raymond W. M. and Bougares, Fethi and Specia, Lucia},
   TITLE = {Investigating Continuous Space Language Models for Machine Translation Quality Estimation}}
@INPROCEEDINGS{papers-1231,
   AUTHOR = {Johannsen, Anders and Martínez Alonso, Héctor and Søgaard, Anders},
   SORTNAME = {Johannsen, Anders and Martinez Alonso, Hector and Søgaard, Anders},
   TITLE = {Any-language frame-semantic parsing}}
@INPROCEEDINGS{papers-1233,
   AUTHOR = {Chitnis, Rohan and DeNero, John},
   SORTNAME = {Chitnis, Rohan and DeNero, John},
   TITLE = {Variable-Length Word Encodings for Neural Translation Models}}
@INPROCEEDINGS{papers-1235,
   AUTHOR = {Levinboim, Tomer and Chiang, David},
   SORTNAME = {Levinboim, Tomer and Chiang, David},
   TITLE = {Supervised Phrase Table Triangulation with Neural Word Embeddings for Low-Resource Languages}}
@INPROCEEDINGS{papers-1236,
   AUTHOR = {Lukasik, Michal and Srijith, P. K. and Cohn, Trevor and Bontcheva, Kalina},
   SORTNAME = {Lukasik, Michal and Srijith, P. K. and Cohn, Trevor and Bontcheva, Kalina},
   TITLE = {Modeling Tweet Arrival Times using Log-Gaussian Cox Processes}}
@INPROCEEDINGS{papers-1238,
   AUTHOR = {Kaljahi, Rasoul and Foster, Jennifer and Roturier, Johann and Ribeyre, Corentin and Lynn, Teresa and Le Roux, Joseph},
   SORTNAME = {Kaljahi, Rasoul and Foster, Jennifer and Roturier, Johann and Ribeyre, Corentin and Lynn, Teresa and Le Roux, Joseph},
   TITLE = {Foreebank: Syntactic Analysis of Customer Support Forums}}
@INPROCEEDINGS{papers-1241,
   AUTHOR = {Kiperwasser, Eliyahu and Goldberg, Yoav},
   SORTNAME = {Kiperwasser, Eliyahu and Goldberg, Yoav},
   TITLE = {Semi-supervised Dependency Parsing using Bilexical Contextual Features from Auto-Parsed Data}}
@INPROCEEDINGS{papers-1245,
   AUTHOR = {Palmero Aprosio, Alessio and Tonelli, Sara},
   SORTNAME = {Palmero Aprosio, Alessio and Tonelli, Sara},
   TITLE = {Recognizing Biographical Sections in Wikipedia}}
@INPROCEEDINGS{papers-1246,
   AUTHOR = {Devlin, Jacob and Quirk, Chris and Menezes, Arul},
   SORTNAME = {Devlin, Jacob and Quirk, Chris and Menezes, Arul},
   TITLE = {Pre-Computable Multi-Layer Neural Network Language Models}}
@INPROCEEDINGS{papers-1249,
   AUTHOR = {Joty, Shafiq and Barrón-Cedeño, Alberto and Da San Martino, Giovanni and Filice, Simone and Màrquez, Lluís and Moschitti, Alessandro and Nakov, Preslav},
   SORTNAME = {Joty, Shafiq and Barron-Cedeno, Alberto and Da San Martino, Giovanni and Filice, Simone and Marquez, Lluis and Moschitti, Alessandro and Nakov, Preslav},
   TITLE = {Global Thread-level Inference for Comment Classification in Community Question Answering}}
@INPROCEEDINGS{papers-1251,
   AUTHOR = {Dymetman, Marc and Venkatapathy, Sriram and Xiao, Chunyang},
   SORTNAME = {Dymetman, Marc and Venkatapathy, Sriram and Xiao, Chunyang},
   TITLE = {Reversibility reconsidered: finite-state factors for efficient probabilistic sampling in parsing and generation}}
@INPROCEEDINGS{papers-1261,
   AUTHOR = {Zheng, Jiaping and Yu, Hong},
   SORTNAME = {Zheng, Jiaping and Yu, Hong},
   TITLE = {Key Concept Identification for Medical Information Retrieval}}
@INPROCEEDINGS{papers-1264,
   AUTHOR = {Yang, Weiwei and Boyd-Graber, Jordan and Resnik, Philip},
   SORTNAME = {Yang, Weiwei and Boyd-Graber, Jordan and Resnik, Philip},
   TITLE = {Birds of a Feather Linked Together: A Discriminative Topic Model using Link-based Priors}}
@INPROCEEDINGS{papers-1267,
   AUTHOR = {Hegde, Manjunath and Talukdar, Partha P.},
   SORTNAME = {Hegde, Manjunath and Talukdar, Partha P.},
   TITLE = {An Entity-centric Approach for Overcoming Knowledge Graph Sparsity}}
@INPROCEEDINGS{papers-1268,
   AUTHOR = {Ferraro, Francis and Mostafazadeh, Nasrin and Huang, Ting-Hao and Vanderwende, Lucy and Devlin, Jacob and Galley, Michel and Mitchell, Margaret},
   SORTNAME = {Ferraro, Francis and Mostafazadeh, Nasrin and Huang, Ting-Hao and Vanderwende, Lucy and Devlin, Jacob and Galley, Michel and Mitchell, Margaret},
   TITLE = {A Survey of Current Datasets for Vision and Language Research}}
@INPROCEEDINGS{papers-1274,
   AUTHOR = {Jin, Lifeng and de Marneffe, Marie-Catherine},
   SORTNAME = {Jin, Lifeng and de Marneffe, Marie-Catherine},
   TITLE = {The Overall Markedness of Discourse Relations}}
@INPROCEEDINGS{papers-1275,
   AUTHOR = {Huang, Kejun and Gardner, Matt and Papalexakis, Evangelos and Faloutsos, Christos and Sidiropoulos, Nikos and Mitchell, Tom and Talukdar, Partha P. and Fu, Xiao},
   SORTNAME = {Huang, Kejun and Gardner, Matt and Papalexakis, Evangelos and Faloutsos, Christos and Sidiropoulos, Nikos and Mitchell, Tom and Talukdar, Partha P. and Fu, Xiao},
   TITLE = {Translation Invariant Word Embeddings}}
@INPROCEEDINGS{papers-1294,
   AUTHOR = {Wang, Lidan and Feng, Minwei and Zhou, Bowen and Xiang, Bing and Mahadevan, Sridhar},
   SORTNAME = {Wang, Lidan and Feng, Minwei and Zhou, Bowen and Xiang, Bing and Mahadevan, Sridhar},
   TITLE = {Efficient Hyper-parameter Optimization for NLP Applications}}
@INPROCEEDINGS{papers-1295,
   AUTHOR = {Zhang, Jingyi and Utiyama, Masao and Sumita, Eiichiro and Neubig, Graham and Nakamura, Satoshi},
   SORTNAME = {Zhang, Jingyi and Utiyama, Masao and Sumita, Eiichiro and Neubig, Graham and Nakamura, Satoshi},
   TITLE = {A Binarized Neural Network Joint Model for Machine Translation}}
@INPROCEEDINGS{papers-1300,
   AUTHOR = {Ramisa, Arnau and Wang, Josiah and Lu, Ying and Dellandrea, Emmanuel and Moreno-Noguer, Francesc and Gaizauskas, Robert},
   SORTNAME = {Ramisa, Arnau and Wang, Josiah and Lu, Ying and Dellandrea, Emmanuel and Moreno-Noguer, Francesc and Gaizauskas, Robert},
   TITLE = {Combining Geometric, Textual and Visual Features for Predicting Prepositions in Image Descriptions}}
@INPROCEEDINGS{papers-1301,
   AUTHOR = {Alberti, Chris and Weiss, David and Coppola, Greg and Petrov, Slav},
   SORTNAME = {Alberti, Chris and Weiss, David and Coppola, Greg and Petrov, Slav},
   TITLE = {Improved Transition-Based Parsing and Tagging with Neural Networks}}
@INPROCEEDINGS{papers-1302,
   AUTHOR = {Yang, Yi and Yih, Wen-tau and Meek, Christopher},
   SORTNAME = {Yang, Yi and Yih, Wen-tau and Meek, Christopher},
   TITLE = {WikiQA: A Challenge Dataset for Open-Domain Question Answering}}
@INPROCEEDINGS{papers-1304,
   AUTHOR = {Rudinger, Rachel and Rastogi, Pushpendre and Ferraro, Francis and Van Durme, Benjamin},
   SORTNAME = {Rudinger, Rachel and Rastogi, Pushpendre and Ferraro, Francis and Van Durme, Benjamin},
   TITLE = {Script Induction as Language Modeling}}
@INPROCEEDINGS{papers-1311,
   AUTHOR = {Araki, Jun and Mitamura, Teruko},
   SORTNAME = {Araki, Jun and Mitamura, Teruko},
   TITLE = {Joint Event Trigger Identification and Event Coreference Resolution with Structured Perceptron}}
@INPROCEEDINGS{papers-1313,
   AUTHOR = {Poria, Soujanya and Cambria, Erik and Gelbukh, Alexander},
   SORTNAME = {Poria, Soujanya and Cambria, Erik and Gelbukh, Alexander},
   TITLE = {Deep Convolutional Neural Network Textual Features and Multiple Kernel Learning for Utterance-level Multimodal Sentiment Analysis}}
@INPROCEEDINGS{papers-1314,
   AUTHOR = {Pérez-Rosas, Verónica and Mihalcea, Rada},
   SORTNAME = {Perez-Rosas, Veronica and Mihalcea, Rada},
   TITLE = {Experiments in Open Domain Deception Detection}}
@INPROCEEDINGS{papers-1316,
   AUTHOR = {Choe, Do Kook and McClosky, David and Charniak, Eugene},
   SORTNAME = {Choe, Do Kook and McClosky, David and Charniak, Eugene},
   TITLE = {Syntactic Parse Fusion}}
@INPROCEEDINGS{papers-1323,
   AUTHOR = {Linzen, Tal and O'Donnell, Timothy},
   SORTNAME = {Linzen, Tal and O'Donnell, Timothy},
   TITLE = {A model of rapid phonotactic generalization}}
@INPROCEEDINGS{papers-1331,
   AUTHOR = {Eskander, Ramy and Rambow, Owen},
   SORTNAME = {Eskander, Ramy and Rambow, Owen},
   TITLE = {SLSA: A Sentiment Lexicon for Standard Arabic}}
@INPROCEEDINGS{papers-1333,
   AUTHOR = {Luo, Hongyin and Liu, Zhiyuan and Luan, Huanbo and Sun, Maosong},
   SORTNAME = {Luo, Hongyin and Liu, Zhiyuan and Luan, Huanbo and Sun, Maosong},
   TITLE = {Online Learning of Interpretable Word Embeddings}}
@INPROCEEDINGS{papers-1336,
   AUTHOR = {Li, Yanran and Li, Wenjie and Sun, Fei and Li, Sujian},
   SORTNAME = {Li, Yanran and Li, Wenjie and Sun, Fei and Li, Sujian},
   TITLE = {Component-Enhanced Chinese Character Embeddings}}
@INPROCEEDINGS{papers-1342,
   AUTHOR = {Zhong, Huaping and Zhang, Jianwen and Wang, Zhen and Wan, Hai and Chen, Zheng},
   SORTNAME = {Zhong, Huaping and Zhang, Jianwen and Wang, Zhen and Wan, Hai and Chen, Zheng},
   TITLE = {Aligning Knowledge and Text Embeddings by Entity Descriptions}}
@INPROCEEDINGS{papers-1352,
   AUTHOR = {Jaech, Aaron and Zayats, Victoria and Fang, Hao and Ostendorf, Mari and Hajishirzi, Hannaneh},
   SORTNAME = {Jaech, Aaron and Zayats, Victoria and Fang, Hao and Ostendorf, Mari and Hajishirzi, Hannaneh},
   TITLE = {Talking to the crowd: What do people react to in online discussions?}}
@INPROCEEDINGS{papers-1353,
   AUTHOR = {Xu, Kun and Feng, Yansong and Huang, Songfang and Zhao, Dongyan},
   SORTNAME = {Xu, Kun and Feng, Yansong and Huang, Songfang and Zhao, Dongyan},
   TITLE = {Semantic Relation Classification via Convolutional Neural Networks with Simple Negative Sampling}}
@INPROCEEDINGS{papers-1359,
   AUTHOR = {Finch, Andrew and Wang, Xiaolin and Utiyama, Masao and Sumita, Eiichiro},
   SORTNAME = {Finch, Andrew and Wang, Xiaolin and Utiyama, Masao and Sumita, Eiichiro},
   TITLE = {Hierarchical Phrase-based Stream Decoding}}
@INPROCEEDINGS{papers-1361,
   AUTHOR = {Vlachos, Andreas and Riedel, Sebastian},
   SORTNAME = {Vlachos, Andreas and Riedel, Sebastian},
   TITLE = {Identification and Verification of Simple Claims about Statistical Properties}}
@INPROCEEDINGS{papers-1368,
   AUTHOR = {Ling, Wang and Tsvetkov, Yulia and Amir, Silvio and Fermandez, Ramon and Dyer, Chris and Black, Alan W and Trancoso, Isabel and Lin, Chu-Cheng},
   SORTNAME = {Ling, Wang and Tsvetkov, Yulia and Amir, Silvio and Fermandez, Ramon and Dyer, Chris and Black, Alan W and Trancoso, Isabel and Lin, Chu-Cheng},
   TITLE = {Not All Contexts Are Created Equal: Better Word Representations with Variable Attention}}
@INPROCEEDINGS{papers-1369,
   AUTHOR = {Kummerfeld, Jonathan K. and Berg-Kirkpatrick, Taylor and Klein, Dan},
   SORTNAME = {Kummerfeld, Jonathan K. and Berg-Kirkpatrick, Taylor and Klein, Dan},
   TITLE = {An Empirical Analysis of Optimization for Max-Margin NLP}}
@INPROCEEDINGS{papers-138,
   AUTHOR = {Gardner, Matt and Mitchell, Tom},
   SORTNAME = {Gardner, Matt and Mitchell, Tom},
   TITLE = {Efficient and Expressive Knowledge Base Completion Using Subgraph Feature Extraction}}
@INPROCEEDINGS{papers-1381,
   AUTHOR = {Sergienya, Irina and Schütze, Hinrich},
   SORTNAME = {Sergienya, Irina and Schutze, Hinrich},
   TITLE = {Learning Better Embeddings for Rare Words Using Distributional Representations}}
@INPROCEEDINGS{papers-1383,
   AUTHOR = {Strötgen, Jannik and Gertz, Michael},
   SORTNAME = {Strotgen, Jannik and Gertz, Michael},
   TITLE = {A Baseline Temporal Tagger for all Languages}}
@INPROCEEDINGS{papers-1385,
   AUTHOR = {Garcia-Duran, Alberto and Bordes, Antoine and Usunier, Nicolas},
   SORTNAME = {Garcia-Duran, Alberto and Bordes, Antoine and Usunier, Nicolas},
   TITLE = {Composing Relationships with Translations}}
@INPROCEEDINGS{papers-1387,
   AUTHOR = {Xing, Ning and Hou, Yuexian and Zhang, Peng and Li, Wenjie and Song, Dawei},
   SORTNAME = {Xing, Ning and Hou, Yuexian and Zhang, Peng and Li, Wenjie and Song, Dawei},
   TITLE = {Reinforcing the Topic of Embeddings with Theta Pure Dependence for Text Classification}}
@INPROCEEDINGS{papers-1389,
   AUTHOR = {Funaki, Ruka and Nakayama, Hideki},
   SORTNAME = {Funaki, Ruka and Nakayama, Hideki},
   TITLE = {Image-Mediated Learning for Zero-Shot Cross-Lingual Document Retrieval}}
@INPROCEEDINGS{papers-1391,
   AUTHOR = {Morita, Hajime and Kawahara, Daisuke and Kurohashi, Sadao},
   SORTNAME = {Morita, Hajime and Kawahara, Daisuke and Kurohashi, Sadao},
   TITLE = {Morphological Analysis for Unsegmented Languages using Recurrent Neural Network Language Model}}
@INPROCEEDINGS{papers-1393,
   AUTHOR = {Vala, Hardik and Jurgens, David and Piper, Andrew and Ruths, Derek},
   SORTNAME = {Vala, Hardik and Jurgens, David and Piper, Andrew and Ruths, Derek},
   TITLE = {Mr. Bennet, his coachman, and the Archbishop walk into a bar but only one of them gets recognized: On The Difficulty of Detecting Characters in Literary Texts}}
@INPROCEEDINGS{papers-1394,
   AUTHOR = {Smith, Ellery and Greco, Nicola and Bosnjak, Matko and Vlachos, Andreas},
   SORTNAME = {Smith, Ellery and Greco, Nicola and Bosnjak, Matko and Vlachos, Andreas},
   TITLE = {A Strong Lexical Matching Method for the Machine Comprehension Test}}
@INPROCEEDINGS{papers-1422,
   AUTHOR = {Köhn, Arne},
   SORTNAME = {Kohn, Arne},
   TITLE = {What's in an Embedding? Analyzing Word Embeddings through Multilingual Evaluation}}
@INPROCEEDINGS{papers-1433,
   AUTHOR = {Honnibal, Matthew and Johnson, Mark},
   SORTNAME = {Honnibal, Matthew and Johnson, Mark},
   TITLE = {An Improved Non-monotonic Transition System for Dependency Parsing}}
@INPROCEEDINGS{papers-1440,
   AUTHOR = {Peng, Nanyun and Dredze, Mark},
   SORTNAME = {Peng, Nanyun and Dredze, Mark},
   TITLE = {Named Entity Recognition for Chinese Social Media with Jointly Trained Embeddings}}
@INPROCEEDINGS{papers-1451,
   AUTHOR = {Braune, Fabienne and Seemann, Nina and Fraser, Alexander},
   SORTNAME = {Braune, Fabienne and Seemann, Nina and Fraser, Alexander},
   TITLE = {Rule Selection with Soft Syntactic Features for String-to-Tree Statistical Machine Translation}}
@INPROCEEDINGS{papers-1455,
   AUTHOR = {Mirkin, Shachar and Nowson, Scott and Brun, Caroline and Perez, Julien},
   SORTNAME = {Mirkin, Shachar and Nowson, Scott and Brun, Caroline and Perez, Julien},
   TITLE = {Motivating Personality-aware Machine Translation}}
@INPROCEEDINGS{papers-1457,
   AUTHOR = {Jamison, Emily and Gurevych, Iryna},
   SORTNAME = {Jamison, Emily and Gurevych, Iryna},
   TITLE = {Noise or additional information? Leveraging crowdsource annotation item agreement for natural language tasks.}}
@INPROCEEDINGS{papers-1460,
   AUTHOR = {Kameko, Hirotaka and Mori, Shinsuke and Tsuruoka, Yoshimasa},
   SORTNAME = {Kameko, Hirotaka and Mori, Shinsuke and Tsuruoka, Yoshimasa},
   TITLE = {Can Symbol Grounding Improve Low-Level NLP? Word Segmentation as a Case Study}}
@INPROCEEDINGS{papers-1464,
   AUTHOR = {Luo, Kangqi and Luo, Xusheng and Zhu, Kenny},
   SORTNAME = {Luo, Kangqi and Luo, Xusheng and Zhu, Kenny},
   TITLE = {Inferring Binary Relation Schemas for Open Information Extraction}}
@INPROCEEDINGS{papers-147,
   AUTHOR = {Pérez-Rosas, Verónica and Abouelenien, Mohamed and Mihalcea, Rada and Xiao, Yao and Linton, CJ and Burzo, Mihai},
   SORTNAME = {Perez-Rosas, Veronica and Abouelenien, Mohamed and Mihalcea, Rada and Xiao, Yao and Linton, CJ and Burzo, Mihai},
   TITLE = {Verbal and Nonverbal Clues for Real-life Deception Detection}}
@INPROCEEDINGS{papers-1470,
   AUTHOR = {Coulmance, Jocelyn and Marty, Jean-Marc and Wenzek, Guillaume and Benhalloum, Amine},
   SORTNAME = {Coulmance, Jocelyn and Marty, Jean-Marc and Wenzek, Guillaume and Benhalloum, Amine},
   TITLE = {Trans-gram, Fast Cross-lingual Word-embeddings}}
@INPROCEEDINGS{papers-150,
   AUTHOR = {Hong, Yu and Wang, Xiaobin and Chen, Yadong and Wang, Jian and Zhang, Tongtao and Ji, Heng},
   SORTNAME = {Hong, Yu and Wang, Xiaobin and Chen, Yadong and Wang, Jian and Zhang, Tongtao and Ji, Heng},
   TITLE = {Biography-Dependent Collaborative Entity Archiving for Slot Filling}}
@INPROCEEDINGS{papers-152,
   AUTHOR = {Jayanth, Jayanth and Sundararaj, Jayaprakash and Bhattacharyya, Pushpak},
   SORTNAME = {Jayanth, Jayanth and Sundararaj, Jayaprakash and Bhattacharyya, Pushpak},
   TITLE = {Monotone Submodularity in Opinion Summaries}}
@INPROCEEDINGS{papers-162,
   AUTHOR = {Duong, Long and Cohn, Trevor and Bird, Steven and Cook, Paul},
   SORTNAME = {Duong, Long and Cohn, Trevor and Bird, Steven and Cook, Paul},
   TITLE = {A Neural Network Model for Low-Resource Universal Dependency Parsing}}
@INPROCEEDINGS{papers-164,
   AUTHOR = {Eger, Steffen},
   SORTNAME = {Eger, Steffen},
   TITLE = {Do we need bigram alignment models? On the effect of alignment quality on transduction accuracy in G2P}}
@INPROCEEDINGS{papers-165,
   AUTHOR = {Zeng, Daojian and Liu, Kang and Chen, Yubo and Zhao, Jun},
   SORTNAME = {Zeng, Daojian and Liu, Kang and Chen, Yubo and Zhao, Jun},
   TITLE = {Distant Supervision for Relation Extraction via Piecewise Convolutional Neural Networks}}
@INPROCEEDINGS{papers-178,
   AUTHOR = {Filippova, Katja and Alfonseca, Enrique and Colmenares, Carlos A. and Kaiser, Lukasz and Vinyals, Oriol},
   SORTNAME = {Filippova, Katja and Alfonseca, Enrique and Colmenares, Carlos A. and Kaiser, Lukasz and Vinyals, Oriol},
   TITLE = {Sentence Compression by Deletion with LSTMs}}
@INPROCEEDINGS{papers-181,
   AUTHOR = {Cuba Gyllensten, Amaru and Sahlgren, Magnus},
   SORTNAME = {Cuba Gyllensten, Amaru and Sahlgren, Magnus},
   TITLE = {Navigating the Semantic Horizon using Relative Neighborhood Graphs}}
@INPROCEEDINGS{papers-185,
   AUTHOR = {Kiela, Douwe and Clark, Stephen},
   SORTNAME = {Kiela, Douwe and Clark, Stephen},
   TITLE = {Multi- and Cross-Modal Semantics Beyond Vision: Grounding in Auditory Perception}}
@INPROCEEDINGS{papers-195,
   AUTHOR = {Petroni, Fabio and Del Corro, Luciano and Gemulla, Rainer},
   SORTNAME = {Petroni, Fabio and Del Corro, Luciano and Gemulla, Rainer},
   TITLE = {CORE: Context-Aware Open Relation Extraction with Factorization Machines}}
@INPROCEEDINGS{papers-204,
   AUTHOR = {Friedrich, Annemarie and Pinkal, Manfred},
   SORTNAME = {Friedrich, Annemarie and Pinkal, Manfred},
   TITLE = {Automatic recognition of habituals: a three-way classification of clausal aspect}}
@INPROCEEDINGS{papers-215,
   AUTHOR = {Chambers, Nathanael and Bowen, Victor and Genco, Ethan and Tian, Xisen and Young, Eric and Harihara, Ganesh and Yang, Eugene},
   SORTNAME = {Chambers, Nathanael and Bowen, Victor and Genco, Ethan and Tian, Xisen and Young, Eric and Harihara, Ganesh and Yang, Eugene},
   TITLE = {Identifying Political Sentiment between Nation States with Social Media}}
@INPROCEEDINGS{papers-216,
   AUTHOR = {Mehdizadeh Seraj, Ramtin and Siahbani, Maryam and Sarkar, Anoop},
   SORTNAME = {Mehdizadeh Seraj, Ramtin and Siahbani, Maryam and Sarkar, Anoop},
   TITLE = {Improving Statistical Machine Translation with a Multilingual Paraphrase Database}}
@INPROCEEDINGS{papers-221,
   AUTHOR = {Wang, Han and Zheng, Jin Guang and Ma, Xiaogang and Fox, Peter and Ji, Heng},
   SORTNAME = {Wang, Han and Zheng, Jin Guang and Ma, Xiaogang and Fox, Peter and Ji, Heng},
   TITLE = {Language and Domain Independent Entity Linking with Quantified Collective Validation}}
@INPROCEEDINGS{papers-222,
   AUTHOR = {Pust, Michael and Hermjakob, Ulf and Knight, Kevin and Marcu, Daniel and May, Jonathan},
   SORTNAME = {Pust, Michael and Hermjakob, Ulf and Knight, Kevin and Marcu, Daniel and May, Jonathan},
   TITLE = {Parsing English into Abstract Meaning Representation Using Syntax-Based Machine Translation}}
@INPROCEEDINGS{papers-223,
   AUTHOR = {Sim, Yanchuan and Routledge, Bryan and Smith, Noah A.},
   SORTNAME = {Sim, Yanchuan and Routledge, Bryan and Smith, Noah A.},
   TITLE = {A Utility Model of Authors in the Scientific Community}}
@INPROCEEDINGS{papers-228,
   AUTHOR = {Huang, Fei},
   SORTNAME = {Huang, Fei},
   TITLE = {Improved Arabic Dialect Classification with Social Media Data}}
@INPROCEEDINGS{papers-232,
   AUTHOR = {Lin, Yankai and Liu, Zhiyuan and Luan, Huanbo and Sun, Maosong and Rao, Siwei and Liu, Song},
   SORTNAME = {Lin, Yankai and Liu, Zhiyuan and Luan, Huanbo and Sun, Maosong and Rao, Siwei and Liu, Song},
   TITLE = {Modeling Relation Paths for Representation Learning of Knowledge Bases}}
@INPROCEEDINGS{papers-234,
   AUTHOR = {Yao, Jin-ge and Wan, Xiaojun and Xiao, Jianguo},
   SORTNAME = {Yao, Jin-ge and Wan, Xiaojun and Xiao, Jianguo},
   TITLE = {Phrase-based Compressive Cross-Language Summarization}}
@INPROCEEDINGS{papers-236,
   AUTHOR = {Liu, Jiangming and Zhang, Yue},
   SORTNAME = {Liu, Jiangming and Zhang, Yue},
   TITLE = {An Empirical Comparison Between N-gram and Syntactic Language Models for Word Ordering}}
@INPROCEEDINGS{papers-243,
   AUTHOR = {Woodsend, Kristian and Lapata, Mirella},
   SORTNAME = {Woodsend, Kristian and Lapata, Mirella},
   TITLE = {Distributed Representations for Unsupervised Semantic Role Labeling}}
@INPROCEEDINGS{papers-247,
   AUTHOR = {Crabbé, Benoit},
   SORTNAME = {Crabbe, Benoit},
   TITLE = {Multilingual discriminative lexicalized phrase structure parsing}}
@INPROCEEDINGS{papers-249,
   AUTHOR = {Habernal, Ivan and Gurevych, Iryna},
   SORTNAME = {Habernal, Ivan and Gurevych, Iryna},
   TITLE = {Exploiting Debate Portals for Semi-Supervised Argumentation Mining in User-Generated Web Discourse}}
@INPROCEEDINGS{papers-250,
   AUTHOR = {Wang, Xing and Xiong, Deyi and Zhang, Min},
   SORTNAME = {Wang, Xing and Xiong, Deyi and Zhang, Min},
   TITLE = {Learning Semantic Representations for Nonterminals in Hierarchical Phrase-Based Translation}}
@INPROCEEDINGS{papers-256,
   AUTHOR = {Kiela, Douwe and Vulić, Ivan and Clark, Stephen},
   SORTNAME = {Kiela, Douwe and Vulic, Ivan and Clark, Stephen},
   TITLE = {Visual Bilingual Lexicon Induction with Transferred ConvNet Features}}
@INPROCEEDINGS{papers-258,
   AUTHOR = {May, Chandler and Ferraro, Francis and McCree, Alan and Wintrode, Jonathan and Garcia-Romero, Daniel and Van Durme, Benjamin},
   SORTNAME = {May, Chandler and Ferraro, Francis and McCree, Alan and Wintrode, Jonathan and Garcia-Romero, Daniel and Van Durme, Benjamin},
   TITLE = {Topic Identification and Discovery on Text and Speech}}
@INPROCEEDINGS{papers-259,
   AUTHOR = {Jiang, Zhiwei and Sun, Gang and Gu, Qing and Bai, Tao and Chen, Daoxu},
   SORTNAME = {Jiang, Zhiwei and Sun, Gang and Gu, Qing and Bai, Tao and Chen, Daoxu},
   TITLE = {A Graph-based Readability Assessment Method using Word Coupling}}
@INPROCEEDINGS{papers-261,
   AUTHOR = {Ling, Wang and Dyer, Chris and Black, Alan W and Trancoso, Isabel and Fermandez, Ramon and Amir, Silvio and Marujo, Luis and Luis, Tiago},
   SORTNAME = {Ling, Wang and Dyer, Chris and Black, Alan W and Trancoso, Isabel and Fermandez, Ramon and Amir, Silvio and Marujo, Luis and Luis, Tiago},
   TITLE = {Finding Function in Form: Compositional Character Models for Open Vocabulary Word Representation}}
@INPROCEEDINGS{papers-262,
   AUTHOR = {Li, Jiwei and Jurafsky, Dan},
   SORTNAME = {Li, Jiwei and Jurafsky, Dan},
   TITLE = {Do Multi-Sense Embeddings Improve Natural Language Understanding?}}
@INPROCEEDINGS{papers-263,
   AUTHOR = {Graham, Yvette},
   SORTNAME = {Graham, Yvette},
   TITLE = {Re-evaluating Automatic Summarization with BLEU and 192 Shades of ROUGE}}
@INPROCEEDINGS{papers-269,
   AUTHOR = {Wachsmuth, Henning and Kiesel, Johannes and Stein, Benno},
   SORTNAME = {Wachsmuth, Henning and Kiesel, Johannes and Stein, Benno},
   TITLE = {Sentiment Flow - A General Model of Web Review Argumentation}}
@INPROCEEDINGS{papers-276,
   AUTHOR = {Bhatia, Parminder and Ji, Yangfeng and Eisenstein, Jacob},
   SORTNAME = {Bhatia, Parminder and Ji, Yangfeng and Eisenstein, Jacob},
   TITLE = {Better Document-level Sentiment Analysis from RST Discourse Parsing}}
@INPROCEEDINGS{papers-303,
   AUTHOR = {Narasimhan, Karthik and Kulkarni, Tejas and Barzilay, Regina},
   SORTNAME = {Narasimhan, Karthik and Kulkarni, Tejas and Barzilay, Regina},
   TITLE = {Language Understanding for Text-based Games using Deep Reinforcement Learning}}
@INPROCEEDINGS{papers-308,
   AUTHOR = {Abzianidze, Lasha},
   SORTNAME = {Abzianidze, Lasha},
   TITLE = {A Tableau Prover for Natural Logic and Language}}
@INPROCEEDINGS{papers-312,
   AUTHOR = {Bamman, David and Smith, Noah A.},
   SORTNAME = {Bamman, David and Smith, Noah A.},
   TITLE = {Open Extraction of Fine-Grained Political Statements}}
@INPROCEEDINGS{papers-315,
   AUTHOR = {Yang, Diyi and Lavie, Alon and Dyer, Chris and Hovy, Eduard},
   SORTNAME = {Yang, Diyi and Lavie, Alon and Dyer, Chris and Hovy, Eduard},
   TITLE = {Humor Recognition and Humor Anchor Extraction}}
@INPROCEEDINGS{papers-316,
   AUTHOR = {Qian, Tao and Zhang, Yue and Zhang, Meishan and Ren, Yafeng and Ji, Donghong},
   SORTNAME = {Qian, Tao and Zhang, Yue and Zhang, Meishan and Ren, Yafeng and Ji, Donghong},
   TITLE = {A Transition-based Model for Joint Segmentation, POS-tagging and Normalization}}
@INPROCEEDINGS{papers-318,
   AUTHOR = {Sultan, Md Arafat and Bethard, Steven and Sumner, Tamara},
   SORTNAME = {Sultan, Md Arafat and Bethard, Steven and Sumner, Tamara},
   TITLE = {Feature-Rich Two-Stage Logistic Regression for Monolingual Alignment}}
@INPROCEEDINGS{papers-323,
   AUTHOR = {Mou, Lili and Peng, Hao and Li, Ge and Xu, Yan and Zhang, Lu and Jin, Zhi},
   SORTNAME = {Mou, Lili and Peng, Hao and Li, Ge and Xu, Yan and Zhang, Lu and Jin, Zhi},
   TITLE = {Discriminative Neural Sentence Modeling by Tree-Based Convolution}}
@INPROCEEDINGS{papers-328,
   AUTHOR = {Kamigaito, Hidetaka and Watanabe, Taro and Takamura, Hiroya and Okumura, Manabu and Sumita, Eiichiro},
   SORTNAME = {Kamigaito, Hidetaka and Watanabe, Taro and Takamura, Hiroya and Okumura, Manabu and Sumita, Eiichiro},
   TITLE = {Hierarchical Back-off Modeling of Hiero Grammar based on Non-parametric Bayesian Model}}
@INPROCEEDINGS{papers-336,
   AUTHOR = {Takahasi, Fumihiko and Mori, Shinsuke},
   SORTNAME = {Takahasi, Fumihiko and Mori, Shinsuke},
   TITLE = {Keyboard Logs as Natural Annotations for Word Segmentation}}
@INPROCEEDINGS{papers-345,
   AUTHOR = {Rush, Alexander M. and Chopra, Sumit and Weston, Jason},
   SORTNAME = {Rush, Alexander M. and Chopra, Sumit and Weston, Jason},
   TITLE = {A Neural Attention Model for Abstractive Sentence Summarization}}
@INPROCEEDINGS{papers-349,
   AUTHOR = {Seo, Minjoon and Hajishirzi, Hannaneh and Farhadi, Ali and Etzioni, Oren and Malcolm, Clint},
   SORTNAME = {Seo, Minjoon and Hajishirzi, Hannaneh and Farhadi, Ali and Etzioni, Oren and Malcolm, Clint},
   TITLE = {Solving Geometry Problems: Combining Text and Diagram Interpretation}}
@INPROCEEDINGS{papers-350,
   AUTHOR = {Luo, Tianyi and Wang, Dong and Liu, Rong and Pan, Yiqiao},
   SORTNAME = {Luo, Tianyi and Wang, Dong and Liu, Rong and Pan, Yiqiao},
   TITLE = {Stochastic Top-k ListNet}}
@INPROCEEDINGS{papers-352,
   AUTHOR = {Lu, Wei and Roth, Dan},
   SORTNAME = {Lu, Wei and Roth, Dan},
   TITLE = {Joint Mention Extraction and Classification with Mention Hypergraphs}}
@INPROCEEDINGS{papers-354,
   AUTHOR = {Shen, Shiqi and Liu, Yang and Sun, Maosong and Luan, Huanbo},
   SORTNAME = {Shen, Shiqi and Liu, Yang and Sun, Maosong and Luan, Huanbo},
   TITLE = {Consistency-Aware Search for Word Alignment}}
@INPROCEEDINGS{papers-363,
   AUTHOR = {Iida, Ryu and Torisawa, Kentaro and Hashimoto, Chikara and Oh, Jong-Hoon and Kloetzer, Julien},
   SORTNAME = {Iida, Ryu and Torisawa, Kentaro and Hashimoto, Chikara and Oh, Jong-Hoon and Kloetzer, Julien},
   TITLE = {Intra-sentential Zero Anaphora Resolution using Subject Sharing Recognition}}
@INPROCEEDINGS{papers-381,
   AUTHOR = {Su, Jinsong and Xiong, Deyi and Huang, Shujian and Han, Xianpei and Yao, Junfeng},
   SORTNAME = {Su, Jinsong and Xiong, Deyi and Huang, Shujian and Han, Xianpei and Yao, Junfeng},
   TITLE = {Graph-Based Collective Lexical Selection for Statistical Machine Translation}}
@INPROCEEDINGS{papers-382,
   AUTHOR = {Shareghi, Ehsan and Petri, Matthias and Haffari, Gholamreza and Cohn, Trevor},
   SORTNAME = {Shareghi, Ehsan and Petri, Matthias and Haffari, Gholamreza and Cohn, Trevor},
   TITLE = {Compact, Efficient and Unlimited Capacity: Language Modeling with Compressed Suffix Trees}}
@INPROCEEDINGS{papers-383,
   AUTHOR = {Su, Jinsong and Xiong, Deyi and Zhang, Biao and Liu, Yang and Yao, Junfeng and Zhang, Min},
   SORTNAME = {Su, Jinsong and Xiong, Deyi and Zhang, Biao and Liu, Yang and Yao, Junfeng and Zhang, Min},
   TITLE = {Bilingual Correspondence Recursive Autoencoder for Statistical Machine Translation}}
@INPROCEEDINGS{papers-385,
   AUTHOR = {Yaghoobzadeh, Yadollah and Schütze, Hinrich},
   SORTNAME = {Yaghoobzadeh, Yadollah and Schutze, Hinrich},
   TITLE = {Corpus-level Fine-grained Entity Typing Using Contextual Information}}
@INPROCEEDINGS{papers-405,
   AUTHOR = {Joty, Shafiq and Sajjad, Hassan and Durrani, Nadir and Al-Mannai, Kamla and Abdelali, Ahmed and Vogel, Stephan},
   SORTNAME = {Joty, Shafiq and Sajjad, Hassan and Durrani, Nadir and Al-Mannai, Kamla and Abdelali, Ahmed and Vogel, Stephan},
   TITLE = {How to Avoid Unwanted Pregnancies: Domain Adaptation using Neural Network Models}}
@INPROCEEDINGS{papers-406,
   AUTHOR = {Zhang, Yuan and Barzilay, Regina},
   SORTNAME = {Zhang, Yuan and Barzilay, Regina},
   TITLE = {Hierarchical Low-Rank Tensors for Multilingual Transfer Parsing}}
@INPROCEEDINGS{papers-414,
   AUTHOR = {Cheng, Jianpeng and Kartsaklis, Dimitri},
   SORTNAME = {Cheng, Jianpeng and Kartsaklis, Dimitri},
   TITLE = {Syntax-Aware Multi-Sense Word Embeddings for Deep Compositional Models of Meaning}}
@INPROCEEDINGS{papers-417,
   AUTHOR = {Afantenos, Stergos and Kow, Eric and Asher, Nicholas and Perret, Jérémy},
   SORTNAME = {Afantenos, Stergos and Kow, Eric and Asher, Nicholas and Perret, Jeremy},
   TITLE = {Discourse parsing for multi-party chat dialogues}}
@INPROCEEDINGS{papers-432,
   AUTHOR = {Schulz, Axel and Guckelsberger, Christian and Schmidt, Benedikt},
   SORTNAME = {Schulz, Axel and Guckelsberger, Christian and Schmidt, Benedikt},
   TITLE = {More Features Are Not Always Better: Evaluating Generalizing Models in Incident Type Classification of Tweets}}
@INPROCEEDINGS{papers-438,
   AUTHOR = {Guta, Andreas and Alkhouli, Tamer and Peter, Jan-Thorsten and Wuebker, Joern and Ney, Hermann},
   SORTNAME = {Guta, Andreas and Alkhouli, Tamer and Peter, Jan-Thorsten and Wuebker, Joern and Ney, Hermann},
   TITLE = {A Comparison between Count and Neural Network Models Based on Joint Translation and Reordering Sequences}}
@INPROCEEDINGS{papers-044,
   AUTHOR = {Hong, Kai and Marcus, Mitchell and Nenkova, Ani},
   SORTNAME = {Hong, Kai and Marcus, Mitchell and Nenkova, Ani},
   TITLE = {System Combination for Multi-document Summarization}}
@INPROCEEDINGS{papers-442,
   AUTHOR = {Narayan, Shashi and Cohen, Shay B.},
   SORTNAME = {Narayan, Shashi and Cohen, Shay B.},
   TITLE = {Diversity in Spectral Learning for Natural Language Parsing}}
@INPROCEEDINGS{papers-444,
   AUTHOR = {Li, Liangyou and Way, Andy and Liu, Qun},
   SORTNAME = {Li, Liangyou and Way, Andy and Liu, Qun},
   TITLE = {Dependency Graph-to-String Translation}}
@INPROCEEDINGS{papers-445,
   AUTHOR = {Phandi, Peter and Chai, Kian Ming A. and Ng, Hwee Tou},
   SORTNAME = {Phandi, Peter and Chai, Kian Ming A. and Ng, Hwee Tou},
   TITLE = {Flexible Domain Adaptation for Automated Essay Scoring Using Correlated Linear Regression}}
@INPROCEEDINGS{papers-453,
   AUTHOR = {Delli Bovi, Claudio and Espinosa Anke, Luis and Navigli, Roberto},
   SORTNAME = {Delli Bovi, Claudio and Espinosa Anke, Luis and Navigli, Roberto},
   TITLE = {Knowledge Base Unification via Sense Embeddings and Disambiguation}}
@INPROCEEDINGS{papers-454,
   AUTHOR = {Fei, Geli and Liu, Bing},
   SORTNAME = {Fei, Geli and Liu, Bing},
   TITLE = {Social Media Text Classification under Negative Covariate Shift}}
@INPROCEEDINGS{papers-455,
   AUTHOR = {FitzGerald, Nicholas and Täckström, Oscar and Ganchev, Kuzman and Das, Dipanjan},
   SORTNAME = {FitzGerald, Nicholas and Tackstrom, Oscar and Ganchev, Kuzman and Das, Dipanjan},
   TITLE = {Semantic Role Labeling with Neural Network Factors}}
@INPROCEEDINGS{papers-456,
   AUTHOR = {Lin, Rui and Liu, Shujie and Yang, Muyun and Li, Mu and Zhou, Ming and Li, Sheng},
   SORTNAME = {Lin, Rui and Liu, Shujie and Yang, Muyun and Li, Mu and Zhou, Ming and Li, Sheng},
   TITLE = {Hierarchical Recurrent Neural Network for Document Modeling}}
@INPROCEEDINGS{papers-458,
   AUTHOR = {Schnabel, Tobias and Labutov, Igor and Mimno, David and Joachims, Thorsten},
   SORTNAME = {Schnabel, Tobias and Labutov, Igor and Mimno, David and Joachims, Thorsten},
   TITLE = {Evaluation methods for unsupervised word embeddings}}
@INPROCEEDINGS{papers-459,
   AUTHOR = {Pavalanathan, Umashanthi and Eisenstein, Jacob},
   SORTNAME = {Pavalanathan, Umashanthi and Eisenstein, Jacob},
   TITLE = {Confounds and Consequences in Geotagged Twitter Data}}
@INPROCEEDINGS{papers-465,
   AUTHOR = {Lewis, Mike and He, Luheng and Zettlemoyer, Luke},
   SORTNAME = {Lewis, Mike and He, Luheng and Zettlemoyer, Luke},
   TITLE = {Joint A* CCG Parsing and Semantic Role Labelling}}
@INPROCEEDINGS{papers-470,
   AUTHOR = {Chen, Xinchi and Qiu, Xipeng and Zhu, Chenxi and Liu, Pengfei and Huang, Xuanjing},
   SORTNAME = {Chen, Xinchi and Qiu, Xipeng and Zhu, Chenxi and Liu, Pengfei and Huang, Xuanjing},
   TITLE = {Long Short-Term Memory Neural Networks for Chinese Word Segmentation}}
@INPROCEEDINGS{papers-472,
   AUTHOR = {Chen, Xinchi and Zhou, Yaqian and Zhu, Chenxi and Qiu, Xipeng and Huang, Xuanjing},
   SORTNAME = {Chen, Xinchi and Zhou, Yaqian and Zhu, Chenxi and Qiu, Xipeng and Huang, Xuanjing},
   TITLE = {Transition-based Dependency Parsing Using Two Heterogeneous Gated Recursive Neural Networks}}
@INPROCEEDINGS{papers-473,
   AUTHOR = {Yang, Yi and Downey, Doug and Boyd-Graber, Jordan},
   SORTNAME = {Yang, Yi and Downey, Doug and Boyd-Graber, Jordan},
   TITLE = {Efficient Methods for Incorporating Knowledge into Topic Models}}
@INPROCEEDINGS{papers-474,
   AUTHOR = {Cheng, Hao and Fang, Hao and Ostendorf, Mari},
   SORTNAME = {Cheng, Hao and Fang, Hao and Ostendorf, Mari},
   TITLE = {Open-Domain Name Error Detection using a Multi-Task RNN}}
@INPROCEEDINGS{papers-475,
   AUTHOR = {Rinott, Ruty and Dankin, Lena and Alzate Perez, Carlos and Khapra, Mitesh M. and Aharoni, Ehud and Slonim, Noam},
   SORTNAME = {Rinott, Ruty and Dankin, Lena and Alzate Perez, Carlos and Khapra, Mitesh M. and Aharoni, Ehud and Slonim, Noam},
   TITLE = {Show Me Your Evidence - an Automatic Method for Context Dependent Evidence Detection}}
@INPROCEEDINGS{papers-477,
   AUTHOR = {Li, Junyi Jessy and Nenkova, Ani},
   SORTNAME = {Li, Junyi Jessy and Nenkova, Ani},
   TITLE = {Detecting Content-Heavy Sentences: A Cross-Language Case Study}}
@INPROCEEDINGS{papers-480,
   AUTHOR = {Gupta, Abhijeet and Boleda, Gemma and Baroni, Marco and Padó, Sebastian},
   SORTNAME = {Gupta, Abhijeet and Boleda, Gemma and Baroni, Marco and Pado, Sebastian},
   TITLE = {Distributional vectors encode referential attributes}}
@INPROCEEDINGS{papers-481,
   AUTHOR = {Ouyang, Jessica and McKeown, Kathleen},
   SORTNAME = {Ouyang, Jessica and McKeown, Kathleen},
   TITLE = {Modeling Reportable Events as Turning Points in Narrative}}
@INPROCEEDINGS{papers-488,
   AUTHOR = {Nematzadeh, Aida and Grant, Erin and Stevenson, Suzanne},
   SORTNAME = {Nematzadeh, Aida and Grant, Erin and Stevenson, Suzanne},
   TITLE = {A Computational Cognitive Model of Novel Word Generalization}}
@INPROCEEDINGS{papers-491,
   AUTHOR = {Yazdani, Majid and Farahmand, Meghdad and Henderson, James},
   SORTNAME = {Yazdani, Majid and Farahmand, Meghdad and Henderson, James},
   TITLE = {Learning Semantic Composition to Detect Non-compositionality of Multiword Expressions}}
@INPROCEEDINGS{papers-494,
   AUTHOR = {Berzak, Yevgeni and Barbu, Andrei and Harari, Daniel and Katz, Boris and Ullman, Shimon},
   SORTNAME = {Berzak, Yevgeni and Barbu, Andrei and Harari, Daniel and Katz, Boris and Ullman, Shimon},
   TITLE = {Do You See What I Mean? Visual Resolution of Linguistic Ambiguities}}
@INPROCEEDINGS{papers-501,
   AUTHOR = {Stanojević, Miloš and Sima'an, Khalil},
   SORTNAME = {Stanojevic, Milos and Sima'an, Khalil},
   TITLE = {Reordering Grammar Induction}}
@INPROCEEDINGS{papers-504,
   AUTHOR = {Herbelot, Aurélie and Vecchi, Eva Maria},
   SORTNAME = {Herbelot, Aurelie and Vecchi, Eva Maria},
   TITLE = {Building a shared world: mapping distributional to model-theoretic semantic spaces}}
@INPROCEEDINGS{papers-507,
   AUTHOR = {Hasan, Saša and Heger, Carmen and Mansour, Saab},
   SORTNAME = {Hasan, Sasa and Heger, Carmen and Mansour, Saab},
   TITLE = {Spelling Correction of User Search Queries through Statistical Machine Translation}}
@INPROCEEDINGS{papers-508,
   AUTHOR = {Louis, Annie and Cohen, Shay B.},
   SORTNAME = {Louis, Annie and Cohen, Shay B.},
   TITLE = {Conversation Trees: A Grammar Model for Topic Structure in Forums}}
@INPROCEEDINGS{papers-509,
   AUTHOR = {Zhang, Jingwei and Gerow, Aaron and Altosaar, Jaan and Evans, James and Jean So, Richard},
   SORTNAME = {Zhang, Jingwei and Gerow, Aaron and Altosaar, Jaan and Evans, James and Jean So, Richard},
   TITLE = {Fast, Flexible Models for Discovering Topic Correlation across Weakly-Related Collections}}
@INPROCEEDINGS{papers-520,
   AUTHOR = {Grycner, Adam and Weikum, Gerhard and Pujara, Jay and Foulds, James and Getoor, Lise},
   SORTNAME = {Grycner, Adam and Weikum, Gerhard and Pujara, Jay and Foulds, James and Getoor, Lise},
   TITLE = {RELLY: Inferring Hypernym Relationships Between Relational Phrases}}
@INPROCEEDINGS{papers-524,
   AUTHOR = {Ballesteros, Miguel and Dyer, Chris and Smith, Noah A.},
   SORTNAME = {Ballesteros, Miguel and Dyer, Chris and Smith, Noah A.},
   TITLE = {Improved Transition-based Parsing by Modeling Characters instead of Words with LSTMs}}
@INPROCEEDINGS{papers-526,
   AUTHOR = {Augenstein, Isabelle and Vlachos, Andreas and Maynard, Diana},
   SORTNAME = {Augenstein, Isabelle and Vlachos, Andreas and Maynard, Diana},
   TITLE = {Extracting Relations between Non-Standard Entities using Distant Supervision and Imitation Learning}}
@INPROCEEDINGS{papers-536,
   AUTHOR = {Bowman, Samuel R. and Angeli, Gabor and Potts, Christopher and Manning, Christopher D.},
   SORTNAME = {Bowman, Samuel R. and Angeli, Gabor and Potts, Christopher and Manning, Christopher D.},
   TITLE = {A large annotated corpus for learning natural language inference}}
@INPROCEEDINGS{papers-538,
   AUTHOR = {Yang, Chao and Pan, Shimei and Mahmud, Jalal and Yang, Huahai and Srinivasan, Padmini},
   SORTNAME = {Yang, Chao and Pan, Shimei and Mahmud, Jalal and Yang, Huahai and Srinivasan, Padmini},
   TITLE = {Using Personal Traits For Brand Preference Prediction}}
@INPROCEEDINGS{papers-539,
   AUTHOR = {Flekova, Lucie and Gurevych, Iryna},
   SORTNAME = {Flekova, Lucie and Gurevych, Iryna},
   TITLE = {Personality Profiling of Fictional Characters using Sense-Level Links between Lexical Resources}}
@INPROCEEDINGS{papers-054,
   AUTHOR = {Rasooli, Mohammad Sadegh and Collins, Michael},
   SORTNAME = {Rasooli, Mohammad Sadegh and Collins, Michael},
   TITLE = {Density-Driven Cross-Lingual Transfer of Dependency Parsers}}
@INPROCEEDINGS{papers-544,
   AUTHOR = {Grundkiewicz, Roman and Junczys-Dowmunt, Marcin and Gillian, Edward},
   SORTNAME = {Grundkiewicz, Roman and Junczys-Dowmunt, Marcin and Gillian, Edward},
   TITLE = {Human Evaluation of Grammatical Error Correction Systems}}
@INPROCEEDINGS{papers-547,
   AUTHOR = {Murray, Kenton and Chiang, David},
   SORTNAME = {Murray, Kenton and Chiang, David},
   TITLE = {Auto-Sizing Neural Networks: With Applications to n-gram Language Models}}
@INPROCEEDINGS{papers-553,
   AUTHOR = {Gormley, Matthew R. and Yu, Mo and Dredze, Mark},
   SORTNAME = {Gormley, Matthew R. and Yu, Mo and Dredze, Mark},
   TITLE = {Improved Relation Extraction with Feature-Rich Compositional Embedding Models}}
@INPROCEEDINGS{papers-559,
   AUTHOR = {Kiddon, Chloé and Ponnuraj, Ganesa Thandavam and Zettlemoyer, Luke and Choi, Yejin},
   SORTNAME = {Kiddon, Chloe and Ponnuraj, Ganesa Thandavam and Zettlemoyer, Luke and Choi, Yejin},
   TITLE = {Mise en Place: Unsupervised Interpretation of Instructional Recipes}}
@INPROCEEDINGS{papers-564,
   AUTHOR = {Le, Phong and Zuidema, Willem},
   SORTNAME = {Le, Phong and Zuidema, Willem},
   TITLE = {The Forest Convolutional Network: Compositional Distributional Semantics with a Neural Chart and without Binarization}}
@INPROCEEDINGS{papers-565,
   AUTHOR = {Liu, Chunyang and Liu, Yang and Sun, Maosong and Luan, Huanbo and Yu, Heng},
   SORTNAME = {Liu, Chunyang and Liu, Yang and Sun, Maosong and Luan, Huanbo and Yu, Heng},
   TITLE = {Generalized Agreement for Bidirectional Word Alignment}}
@INPROCEEDINGS{papers-568,
   AUTHOR = {Peldszus, Andreas and Stede, Manfred},
   SORTNAME = {Peldszus, Andreas and Stede, Manfred},
   TITLE = {Joint prediction in MST-style discourse parsing for argumentation mining}}
@INPROCEEDINGS{papers-570,
   AUTHOR = {Lei, Tao and Barzilay, Regina and Jaakkola, Tommi},
   SORTNAME = {Lei, Tao and Barzilay, Regina and Jaakkola, Tommi},
   TITLE = {Molding CNNs for text: non-linear, non-consecutive convolutions}}
@INPROCEEDINGS{papers-579,
   AUTHOR = {Xu, Yan and Mou, Lili and Li, Ge and Chen, Yunchuan and Peng, Hao and Jin, Zhi},
   SORTNAME = {Xu, Yan and Mou, Lili and Li, Ge and Chen, Yunchuan and Peng, Hao and Jin, Zhi},
   TITLE = {Classifying Relations via Long Short Term Memory Networks along Shortest Dependency Paths}}
@INPROCEEDINGS{papers-580,
   AUTHOR = {Can, Dogan and Narayanan, Shrikanth},
   SORTNAME = {Can, Dogan and Narayanan, Shrikanth},
   TITLE = {A Dynamic Programming Algorithm for Computing N-gram Posteriors from Lattices}}
@INPROCEEDINGS{papers-582,
   AUTHOR = {Khot, Tushar and Balasubramanian, Niranjan and Gribkoff, Eric and Sabharwal, Ashish and Clark, Peter and Etzioni, Oren},
   SORTNAME = {Khot, Tushar and Balasubramanian, Niranjan and Gribkoff, Eric and Sabharwal, Ashish and Clark, Peter and Etzioni, Oren},
   TITLE = {Exploring Markov Logic Networks for Question Answering}}
@INPROCEEDINGS{papers-587,
   AUTHOR = {Huang, Ziheng and Zhong, Jialu and Passonneau, Rebecca J.},
   SORTNAME = {Huang, Ziheng and Zhong, Jialu and Passonneau, Rebecca J.},
   TITLE = {Estimation of Discourse Segmentation Labels from Crowd Data}}
@INPROCEEDINGS{papers-588,
   AUTHOR = {Liu, Pengfei and Qiu, Xipeng and Chen, Xinchi and Wu, Shiyu and Huang, Xuanjing},
   SORTNAME = {Liu, Pengfei and Qiu, Xipeng and Chen, Xinchi and Wu, Shiyu and Huang, Xuanjing},
   TITLE = {Multi-Timescale Long Short-Term Memory Neural Network for Modelling Sentences and Documents}}
@INPROCEEDINGS{papers-595,
   AUTHOR = {Del Corro, Luciano and Abujabal, Abdalghani and Gemulla, Rainer and Weikum, Gerhard},
   SORTNAME = {Del Corro, Luciano and Abujabal, Abdalghani and Gemulla, Rainer and Weikum, Gerhard},
   TITLE = {FINET: Context-Aware Fine-Grained Named Entity Typing}}
@INPROCEEDINGS{papers-597,
   AUTHOR = {Bakhshandeh, Omid and Allen, James},
   SORTNAME = {Bakhshandeh, Omid and Allen, James},
   TITLE = {Semantic Framework for Comparison Structures in Natural Language}}
@INPROCEEDINGS{papers-598,
   AUTHOR = {Negi, Sapna and Buitelaar, Paul},
   SORTNAME = {Negi, Sapna and Buitelaar, Paul},
   TITLE = {Towards the Extraction of Customer-to-Customer Suggestions from Reviews}}
@INPROCEEDINGS{papers-060,
   AUTHOR = {Li, Jiwei and Luong, Thang and Jurafsky, Dan and Hovy, Eduard},
   SORTNAME = {Li, Jiwei and Luong, Thang and Jurafsky, Dan and Hovy, Eduard},
   TITLE = {When Are Tree Structures Necessary for Deep Learning of Representations?}}
@INPROCEEDINGS{papers-602,
   AUTHOR = {Zhang, Meishan and Zhang, Yue and Vo, Duy Tin},
   SORTNAME = {Zhang, Meishan and Zhang, Yue and Vo, Duy Tin},
   TITLE = {Neural Networks for Open Domain Targeted Sentiment}}
@INPROCEEDINGS{papers-603,
   AUTHOR = {Sidhaye, Priya and Cheung, Jackie Chi Kit},
   SORTNAME = {Sidhaye, Priya and Cheung, Jackie Chi Kit},
   TITLE = {Indicative Tweet Generation: An Extractive Summarization Problem?}}
@INPROCEEDINGS{papers-606,
   AUTHOR = {Ghosh, Debanjan and Guo, Weiwei and Muresan, Smaranda},
   SORTNAME = {Ghosh, Debanjan and Guo, Weiwei and Muresan, Smaranda},
   TITLE = {Sarcastic or Not: Word Embeddings to Predict the Literal or Sarcastic Meaning of Words}}
@INPROCEEDINGS{papers-608,
   AUTHOR = {Ororbia II, Alexander and Giles, C. Lee and Reitter, David},
   SORTNAME = {Ororbia II, Alexander and Giles, C. Lee and Reitter, David},
   TITLE = {Learning a Deep Hybrid Model for Semi-Supervised Text Classification}}
@INPROCEEDINGS{papers-614,
   AUTHOR = {Lee, Sungjin and Hu, Yifan},
   SORTNAME = {Lee, Sungjin and Hu, Yifan},
   TITLE = {Joint Embedding of Query and Ad by Leveraging Implicit Feedback}}
@INPROCEEDINGS{papers-615,
   AUTHOR = {Andreas, Jacob and Klein, Dan},
   SORTNAME = {Andreas, Jacob and Klein, Dan},
   TITLE = {Alignment-Based Compositional Semantics for Instruction Following}}
@INPROCEEDINGS{papers-616,
   AUTHOR = {Cohan, Arman and Goharian, Nazli},
   SORTNAME = {Cohan, Arman and Goharian, Nazli},
   TITLE = {Scientific Article Summarization Using Citation-Context and Article's Discourse Structure}}
@INPROCEEDINGS{papers-617,
   AUTHOR = {Deng, Lingjia and Wiebe, Janyce},
   SORTNAME = {Deng, Lingjia and Wiebe, Janyce},
   TITLE = {Joint Prediction for Entity/Event-Level Sentiment Analysis using Probabilistic Soft Logic Models}}
@INPROCEEDINGS{papers-621,
   AUTHOR = {Li, Jing and Gao, Wei and Wei, Zhongyu and Peng, Baolin and Wong, Kam-Fai},
   SORTNAME = {Li, Jing and Gao, Wei and Wei, Zhongyu and Peng, Baolin and Wong, Kam-Fai},
   TITLE = {Using Content-level Structures for Summarizing Microblog Repost Trees}}
@INPROCEEDINGS{papers-626,
   AUTHOR = {He, Hua and Gimpel, Kevin and Lin, Jimmy},
   SORTNAME = {He, Hua and Gimpel, Kevin and Lin, Jimmy},
   TITLE = {Multi-Perspective Sentence Similarity Modeling with Convolutional Neural Networks}}
@INPROCEEDINGS{papers-630,
   AUTHOR = {He, He and Grissom II, Alvin and Morgan, John and Boyd-Graber, Jordan and Daumé III, Hal},
   SORTNAME = {He, He and Grissom II, Alvin and Morgan, John and Boyd-Graber, Jordan and Daume III, Hal},
   TITLE = {Syntax-based Rewriting for Simultaneous Machine Translation}}
@INPROCEEDINGS{papers-632,
   AUTHOR = {Guu, Kelvin and Miller, John and Liang, Percy},
   SORTNAME = {Guu, Kelvin and Miller, John and Liang, Percy},
   TITLE = {Traversing Knowledge Graphs in Vector Space}}
@INPROCEEDINGS{papers-635,
   AUTHOR = {He, Luheng and Lewis, Mike and Zettlemoyer, Luke},
   SORTNAME = {He, Luheng and Lewis, Mike and Zettlemoyer, Luke},
   TITLE = {Question-Answer Driven Semantic Role Labeling: Using Natural Language to Annotate Natural Language}}
@INPROCEEDINGS{papers-636,
   AUTHOR = {Li, Junhui and Zhu, Muhua and Lu, Wei and Zhou, Guodong},
   SORTNAME = {Li, Junhui and Zhu, Muhua and Lu, Wei and Zhou, Guodong},
   TITLE = {Improving Semantic Parsing with Enriched Synchronous Context-Free Grammar}}
@INPROCEEDINGS{papers-638,
   AUTHOR = {Garmash, Ekaterina and Monz, Christof},
   SORTNAME = {Garmash, Ekaterina and Monz, Christof},
   TITLE = {Bilingual Structured Language Models for Statistical Machine Translation}}
@INPROCEEDINGS{papers-064,
   AUTHOR = {Cao, Yixin and Li, Juanzi and Guo, Xiaofei and Bai, Shuanhu and Ji, Heng and Tang, Jie},
   SORTNAME = {Cao, Yixin and Li, Juanzi and Guo, Xiaofei and Bai, Shuanhu and Ji, Heng and Tang, Jie},
   TITLE = {Name List Only? Target Entity Disambiguation in Short Texts}}
@INPROCEEDINGS{papers-646,
   AUTHOR = {Qadir, Ashequl and Riloff, Ellen and Walker, Marilyn},
   SORTNAME = {Qadir, Ashequl and Riloff, Ellen and Walker, Marilyn},
   TITLE = {Learning to Recognize Affective Polarity in Similes}}
@INPROCEEDINGS{papers-651,
   AUTHOR = {Liu, Pengfei and Joty, Shafiq and Meng, Helen},
   SORTNAME = {Liu, Pengfei and Joty, Shafiq and Meng, Helen},
   TITLE = {Fine-grained Opinion Mining with Recurrent Neural Networks and Word Embeddings}}
@INPROCEEDINGS{papers-653,
   AUTHOR = {Luu Anh, Tuan and Kim, Jung-jae and Ng, See Kiong},
   SORTNAME = {Luu Anh, Tuan and Kim, Jung-jae and Ng, See Kiong},
   TITLE = {Incorporating Trustiness and Collective Synonym/Contrastive Evidence into Taxonomy Construction}}
@INPROCEEDINGS{papers-654,
   AUTHOR = {Mitra, Arindam and Baral, Chitta},
   SORTNAME = {Mitra, Arindam and Baral, Chitta},
   TITLE = {Learning to Automatically Solve Logic Grid Puzzles}}
@INPROCEEDINGS{papers-658,
   AUTHOR = {Shi, Shuming and Wang, Yuehui and Lin, Chin-Yew and Liu, Xiaojiang and Rui, Yong},
   SORTNAME = {Shi, Shuming and Wang, Yuehui and Lin, Chin-Yew and Liu, Xiaojiang and Rui, Yong},
   TITLE = {Automatically Solving Number Word Problems by Semantic Parsing and Reasoning}}
@INPROCEEDINGS{papers-660,
   AUTHOR = {Caragea, Cornelia and Bulgarov, Florin and Mihalcea, Rada},
   SORTNAME = {Caragea, Cornelia and Bulgarov, Florin and Mihalcea, Rada},
   TITLE = {Co-Training for Topic Classification of Scholarly Data}}
@INPROCEEDINGS{papers-662,
   AUTHOR = {Artzi, Yoav and Lee, Kenton and Zettlemoyer, Luke},
   SORTNAME = {Artzi, Yoav and Lee, Kenton and Zettlemoyer, Luke},
   TITLE = {Broad-coverage CCG Semantic Parsing with AMR}}
@INPROCEEDINGS{papers-663,
   AUTHOR = {Zhai, Feifei and Huang, Liang and Zhao, Kai},
   SORTNAME = {Zhai, Feifei and Huang, Liang and Zhao, Kai},
   TITLE = {Search-Aware Tuning for Hierarchical Phrase-based Decoding}}
@INPROCEEDINGS{papers-667,
   AUTHOR = {Roy, Subhro and Roth, Dan},
   SORTNAME = {Roy, Subhro and Roth, Dan},
   TITLE = {Solving General Arithmetic Word Problems}}
@INPROCEEDINGS{papers-672,
   AUTHOR = {Luong, Thang and Pham, Hieu and Manning, Christopher D.},
   SORTNAME = {Luong, Thang and Pham, Hieu and Manning, Christopher D.},
   TITLE = {Effective Approaches to Attention-based Neural Machine Translation}}
@INPROCEEDINGS{papers-674,
   AUTHOR = {Toutanova, Kristina and Chen, Danqi and Pantel, Patrick and Poon, Hoifung and Choudhury, Pallavi and Gamon, Michael},
   SORTNAME = {Toutanova, Kristina and Chen, Danqi and Pantel, Patrick and Poon, Hoifung and Choudhury, Pallavi and Gamon, Michael},
   TITLE = {Representing Text for Joint Embedding of Text and Knowledge Bases}}
@INPROCEEDINGS{papers-676,
   AUTHOR = {Peng, Nanyun and Cotterell, Ryan and Eisner, Jason},
   SORTNAME = {Peng, Nanyun and Cotterell, Ryan and Eisner, Jason},
   TITLE = {Dual Decomposition Inference for Graphical Models over Strings}}
@INPROCEEDINGS{papers-677,
   AUTHOR = {Braud, Chloé and Denis, Pascal},
   SORTNAME = {Braud, Chloe and Denis, Pascal},
   TITLE = {Comparing Word Representations for Implicit Discourse Relation Classification}}
@INPROCEEDINGS{papers-681,
   AUTHOR = {Chen, Wei and Xu, Bo},
   SORTNAME = {Chen, Wei and Xu, Bo},
   TITLE = {Semi-supervised Chinese Word Segmentation based on Bilingual Information}}
@INPROCEEDINGS{papers-684,
   AUTHOR = {Nguyen, Khanh and O'Connor, Brendan},
   SORTNAME = {Nguyen, Khanh and O'Connor, Brendan},
   TITLE = {Posterior calibration and exploratory analysis for natural language processing models}}
@INPROCEEDINGS{papers-685,
   AUTHOR = {Kim, Young-Bum and Snyder, Benjamin and Sarikaya, Ruhi},
   SORTNAME = {Kim, Young-Bum and Snyder, Benjamin and Sarikaya, Ruhi},
   TITLE = {Part-of-speech Taggers for Low-resource Languages using CCA Features}}
@INPROCEEDINGS{papers-694,
   AUTHOR = {Tran, Tuan and Tran, Nam Khanh and Teka Hadgu, Asmelash and Jäschke, Robert},
   SORTNAME = {Tran, Tuan and Tran, Nam Khanh and Teka Hadgu, Asmelash and Jaschke, Robert},
   TITLE = {Semantic Annotation for Microblog Topics Using Wikipedia Temporal Information}}
@INPROCEEDINGS{papers-697,
   AUTHOR = {Nakayama, Yuki and Fujii, Atsushi},
   SORTNAME = {Nakayama, Yuki and Fujii, Atsushi},
   TITLE = {Extracting Condition-Opinion Relations Toward Fine-grained Opinion Mining}}
@INPROCEEDINGS{papers-707,
   AUTHOR = {Luo, Gang and Huang, Xiaojiang and Lin, Chin-Yew and Nie, Zaiqing},
   SORTNAME = {Luo, Gang and Huang, Xiaojiang and Lin, Chin-Yew and Nie, Zaiqing},
   TITLE = {Joint Entity Recognition and Disambiguation}}
@INPROCEEDINGS{papers-708,
   AUTHOR = {D'Souza, Jennifer and Ng, Vincent},
   SORTNAME = {D'Souza, Jennifer and Ng, Vincent},
   TITLE = {Sieve-Based Spatial Relation Extraction with Expanding Parse Trees}}
@INPROCEEDINGS{papers-715,
   AUTHOR = {Li, Shaohua and Zhu, Jun and Miao, Chunyan},
   SORTNAME = {Li, Shaohua and Zhu, Jun and Miao, Chunyan},
   TITLE = {A Generative Word Embedding Model and its Low Rank Positive Semidefinite Solution}}
@INPROCEEDINGS{papers-717,
   AUTHOR = {Kim, Taehoon and Choi, Jaesik},
   SORTNAME = {Kim, Taehoon and Choi, Jaesik},
   TITLE = {Reading Documents for Bayesian Online Change Point Detection}}
@INPROCEEDINGS{papers-072,
   AUTHOR = {Wen, Tsung-Hsien and Gasic, Milica and Mrkšić, Nikola and Su, Pei-Hao and Vandyke, David and Young, Steve},
   SORTNAME = {Wen, Tsung-Hsien and Gasic, Milica and Mrksic, Nikola and Su, Pei-Hao and Vandyke, David and Young, Steve},
   TITLE = {Semantically Conditioned LSTM-based Natural Language Generation for Spoken Dialogue Systems}}
@INPROCEEDINGS{papers-073,
   AUTHOR = {Nopp, Clemens and Hanbury, Allan},
   SORTNAME = {Nopp, Clemens and Hanbury, Allan},
   TITLE = {Detecting Risks in the Banking System by Sentiment Analysis}}
@INPROCEEDINGS{papers-744,
   AUTHOR = {Yogatama, Dani and Kong, Lingpeng and Smith, Noah A.},
   SORTNAME = {Yogatama, Dani and Kong, Lingpeng and Smith, Noah A.},
   TITLE = {Bayesian Optimization of Text Representations}}
@INPROCEEDINGS{papers-748,
   AUTHOR = {Ji, Yangfeng and Zhang, Gongbo and Eisenstein, Jacob},
   SORTNAME = {Ji, Yangfeng and Zhang, Gongbo and Eisenstein, Jacob},
   TITLE = {Closing the Gap: Domain Adaptation from Explicit to Implicit Discourse Relations}}
@INPROCEEDINGS{papers-751,
   AUTHOR = {Simion, Andrei and Collins, Michael and Stein, Cliff},
   SORTNAME = {Simion, Andrei and Collins, Michael and Stein, Cliff},
   TITLE = {On A Strictly Convex IBM Model 1}}
@INPROCEEDINGS{papers-755,
   AUTHOR = {Sennrich, Rico and Haddow, Barry},
   SORTNAME = {Sennrich, Rico and Haddow, Barry},
   TITLE = {A Joint Dependency Model of Morphological and Syntactic Structure for Statistical Machine Translation}}
@INPROCEEDINGS{papers-760,
   AUTHOR = {Gollapalli, Sujatha Das and Li, Xiaoli},
   SORTNAME = {Gollapalli, Sujatha Das and Li, Xiaoli},
   TITLE = {EMNLP versus ACL: Analyzing NLP research over time}}
@INPROCEEDINGS{papers-762,
   AUTHOR = {Österlund, Arvid and Ödling, David and Sahlgren, Magnus},
   SORTNAME = {Osterlund, Arvid and Odling, David and Sahlgren, Magnus},
   TITLE = {Factorization of Latent Variables in Distributional Semantic Models}}
@INPROCEEDINGS{papers-772,
   AUTHOR = {Luo, Kun-Hu and Deng, Zhi-Hong and Yu, Hongliang and Wei, Liang-Chen},
   SORTNAME = {Luo, Kun-Hu and Deng, Zhi-Hong and Yu, Hongliang and Wei, Liang-Chen},
   TITLE = {JEAM: A Novel Model for Cross-Domain Sentiment Classification Based on Emotion Analysis}}
@INPROCEEDINGS{papers-774,
   AUTHOR = {Hu, Linmei and Li, Juanzi and Li, Xiaoli and Shao, Chao and Wang, Xuzhong},
   SORTNAME = {Hu, Linmei and Li, Juanzi and Li, Xiaoli and Shao, Chao and Wang, Xuzhong},
   TITLE = {TSDPMM: Incorporating Prior Topic Knowledge into Dirichlet Process Mixture Models for Text Clustering}}
@INPROCEEDINGS{papers-776,
   AUTHOR = {Li, Li and Wang, Houfeng and Sun, Xu and Chang, Baobao and Zhao, Shi and Sha, Lei},
   SORTNAME = {Li, Li and Wang, Houfeng and Sun, Xu and Chang, Baobao and Zhao, Shi and Sha, Lei},
   TITLE = {Multi-label Text Categorization with Joint Learning Predictions-as-Features Method}}
@INPROCEEDINGS{papers-777,
   AUTHOR = {Maiya, Arun},
   SORTNAME = {Maiya, Arun},
   TITLE = {A Framework for Comparing Groups of Documents}}
@INPROCEEDINGS{papers-785,
   AUTHOR = {Kim, Jonghoon and Rousseau, Francois and Vazirgiannis, Michalis},
   SORTNAME = {Kim, Jonghoon and Rousseau, Francois and Vazirgiannis, Michalis},
   TITLE = {Convolutional Sentence Kernel from Word Embeddings for Short Text Categorization}}
@INPROCEEDINGS{papers-789,
   AUTHOR = {Kiela, Douwe and Hill, Felix and Clark, Stephen},
   SORTNAME = {Kiela, Douwe and Hill, Felix and Clark, Stephen},
   TITLE = {Specializing Word Embeddings for Similarity or Relatedness}}
@INPROCEEDINGS{papers-794,
   AUTHOR = {Moore, Robert},
   SORTNAME = {Moore, Robert},
   TITLE = {An Improved Tag Dictionary for Faster Part-of-Speech Tagging}}
@INPROCEEDINGS{papers-796,
   AUTHOR = {Nguyen, Thien Hai and Shirai, Kiyoaki},
   SORTNAME = {Nguyen, Thien Hai and Shirai, Kiyoaki},
   TITLE = {PhraseRNN: Phrase Recursive Neural Network for Aspect-based Sentiment Analysis}}
@INPROCEEDINGS{papers-799,
   AUTHOR = {Kim, Seokhwan and Banchs, Rafael E. and Li, Haizhou},
   SORTNAME = {Kim, Seokhwan and Banchs, Rafael E. and Li, Haizhou},
   TITLE = {Wikification of Concept Mentions within Spoken Dialogues Using Domain Constraints from Wikipedia}}
@INPROCEEDINGS{papers-080,
   AUTHOR = {Dutta, Sourav and Weikum, Gerhard},
   SORTNAME = {Dutta, Sourav and Weikum, Gerhard},
   TITLE = {C3EL: A Joint Model for Cross-Document Co-Reference Resolution and Entity Linking}}
@INPROCEEDINGS{papers-804,
   AUTHOR = {Ding, Chenchen and Utiyama, Masao and Sumita, Eiichiro},
   SORTNAME = {Ding, Chenchen and Utiyama, Masao and Sumita, Eiichiro},
   TITLE = {Improving fast\_align by Reordering}}
@INPROCEEDINGS{papers-806,
   AUTHOR = {Li, Wei},
   SORTNAME = {Li, Wei},
   TITLE = {Abstractive Multi-document Summarization with Semantic Information Extraction}}
@INPROCEEDINGS{papers-812,
   AUTHOR = {Boudin, Florian and Mougard, Hugo and Favre, Benoit},
   SORTNAME = {Boudin, Florian and Mougard, Hugo and Favre, Benoit},
   TITLE = {Concept-based Summarization using Integer Linear Programming: From Concept Pruning to Multiple Optimal Solutions}}
@INPROCEEDINGS{papers-815,
   AUTHOR = {Müller, Thomas and Cotterell, Ryan and Fraser, Alexander and Schütze, Hinrich},
   SORTNAME = {Muller, Thomas and Cotterell, Ryan and Fraser, Alexander and Schutze, Hinrich},
   TITLE = {Joint Lemmatization and Morphological Tagging with Lemming}}
@INPROCEEDINGS{papers-816,
   AUTHOR = {Iglesias, Gonzalo and de Gispert, Adrià and Byrne, Bill},
   SORTNAME = {Iglesias, Gonzalo and de Gispert, Adria and Byrne, Bill},
   TITLE = {Transducer Disambiguation with Sparse Topological Features}}
@INPROCEEDINGS{papers-821,
   AUTHOR = {Tapi Nzali, Mike Donald and Tannier, Xavier and Neveol, Aurelie},
   SORTNAME = {Tapi Nzali, Mike Donald and Tannier, Xavier and Neveol, Aurelie},
   TITLE = {Automatic Extraction of Time Expressions Accross Domains in French Narratives}}
@INPROCEEDINGS{papers-827,
   AUTHOR = {Sha, Lei and Li, Sujian and Chang, Baobao and Sui, Zhifang and Jiang, Tingsong},
   SORTNAME = {Sha, Lei and Li, Sujian and Chang, Baobao and Sui, Zhifang and Jiang, Tingsong},
   TITLE = {Recognizing Textual Entailment Using Probabilistic Inference}}
@INPROCEEDINGS{papers-832,
   AUTHOR = {Nabil, Mahmoud and Aly, Mohamed and Atiya, Amir},
   SORTNAME = {Nabil, Mahmoud and Aly, Mohamed and Atiya, Amir},
   TITLE = {ASTD: Arabic Sentiment Tweets Dataset}}
@INPROCEEDINGS{papers-835,
   AUTHOR = {Kotnis, Bhushan and Bansal, Pradeep and Talukdar, Partha P.},
   SORTNAME = {Kotnis, Bhushan and Bansal, Pradeep and Talukdar, Partha P.},
   TITLE = {Knowledge Base Inference using Bridging Entities}}
@INPROCEEDINGS{papers-837,
   AUTHOR = {Shahrour, Anas and Khalifa, Salam and Habash, Nizar},
   SORTNAME = {Shahrour, Anas and Khalifa, Salam and Habash, Nizar},
   TITLE = {Improving Arabic Diacritization through Syntactic Analysis}}
@INPROCEEDINGS{papers-838,
   AUTHOR = {Ramakrishna, Anil and Malandrakis, Nikolaos and Staruk, Elizabeth and Narayanan, Shrikanth},
   SORTNAME = {Ramakrishna, Anil and Malandrakis, Nikolaos and Staruk, Elizabeth and Narayanan, Shrikanth},
   TITLE = {A quantitative analysis of gender differences in movies using psycholinguistic normatives}}
@INPROCEEDINGS{papers-839,
   AUTHOR = {Zhang, Meishan and Zhang, Yue},
   SORTNAME = {Zhang, Meishan and Zhang, Yue},
   TITLE = {Combining Discrete and Continuous Features for Deterministic Transition-based Dependency Parsing}}
@INPROCEEDINGS{papers-850,
   AUTHOR = {Jermsurawong, Jermsak and Habash, Nizar},
   SORTNAME = {Jermsurawong, Jermsak and Habash, Nizar},
   TITLE = {Predicting the Structure of Cooking Recipes}}
@INPROCEEDINGS{papers-853,
   AUTHOR = {Li, Yang and Clark, Peter},
   SORTNAME = {Li, Yang and Clark, Peter},
   TITLE = {Answering Elementary Science Questions by Constructing Coherent Scenes using Background Knowledge}}
@INPROCEEDINGS{papers-858,
   AUTHOR = {Tsvetkov, Yulia and Faruqui, Manaal and Ling, Wang and Lample, Guillaume and Dyer, Chris},
   SORTNAME = {Tsvetkov, Yulia and Faruqui, Manaal and Ling, Wang and Lample, Guillaume and Dyer, Chris},
   TITLE = {Evaluation of Word Vector Representations by Subspace Alignment}}
@INPROCEEDINGS{papers-865,
   AUTHOR = {Wang, Zhen and Jiang, Tingsong and Chang, Baobao and Sui, Zhifang},
   SORTNAME = {Wang, Zhen and Jiang, Tingsong and Chang, Baobao and Sui, Zhifang},
   TITLE = {Chinese Semantic Role Labeling with Bidirectional Recurrent Neural Networks}}
@INPROCEEDINGS{papers-872,
   AUTHOR = {Zou, Bowei and Zhou, Guodong and Zhu, Qiaoming},
   SORTNAME = {Zou, Bowei and Zhou, Guodong and Zhu, Qiaoming},
   TITLE = {Unsupervised Negation Focus Identification with Word-Topic Graph Model}}
@INPROCEEDINGS{papers-873,
   AUTHOR = {Mirkin, Shachar and Meunier, Jean-Luc},
   SORTNAME = {Mirkin, Shachar and Meunier, Jean-Luc},
   TITLE = {Personalized Machine Translation: Predicting Translational Preferences}}
@INPROCEEDINGS{papers-880,
   AUTHOR = {Zhang, Biao and Su, Jinsong and Xiong, Deyi and Lu, Yaojie and Duan, Hong and Yao, Junfeng},
   SORTNAME = {Zhang, Biao and Su, Jinsong and Xiong, Deyi and Lu, Yaojie and Duan, Hong and Yao, Junfeng},
   TITLE = {Shallow Convolutional Neural Network for Implicit Discourse Relation Recognition}}
@INPROCEEDINGS{papers-887,
   AUTHOR = {Wang, Jingang and Song, Dandan and Zhang, Zhiwei and Liao, Lejian and Si, Luo and Lin, Chin-Yew},
   SORTNAME = {Wang, Jingang and Song, Dandan and Zhang, Zhiwei and Liao, Lejian and Si, Luo and Lin, Chin-Yew},
   TITLE = {LDTM: A Latent Document Type Model for Cumulative Citation Recommendation}}
@INPROCEEDINGS{papers-089,
   AUTHOR = {Jain, Sarthak and Batra, Shashank},
   SORTNAME = {Jain, Sarthak and Batra, Shashank},
   TITLE = {Cross Lingual Sentiment Analysis using Modified BRAE}}
@INPROCEEDINGS{papers-894,
   AUTHOR = {Belinkov, Yonatan and Glass, James},
   SORTNAME = {Belinkov, Yonatan and Glass, James},
   TITLE = {Arabic Diacritization with Recurrent Neural Networks}}
@INPROCEEDINGS{papers-895,
   AUTHOR = {Ma, Xuezhe and Hovy, Eduard},
   SORTNAME = {Ma, Xuezhe and Hovy, Eduard},
   TITLE = {Efficient Inner-to-outer Greedy Algorithm for Higher-order Labeled Dependency Parsing}}
@INPROCEEDINGS{papers-902,
   AUTHOR = {Batista, David S. and Martins, Bruno and Silva, Mário J.},
   SORTNAME = {Batista, David S. and Martins, Bruno and Silva, Mario J.},
   TITLE = {Semi-Supervised Bootstrapping of Relationship Extractors with Distributional Semantics}}
@INPROCEEDINGS{papers-908,
   AUTHOR = {Khouzaimi, Hatim and Laroche, Romain and Lefevre, Fabrice},
   SORTNAME = {Khouzaimi, Hatim and Laroche, Romain and Lefevre, Fabrice},
   TITLE = {Turn-taking phenomena in incremental dialogue systems}}
@INPROCEEDINGS{papers-912,
   AUTHOR = {Zhang, Tongtao and Li, Hongzhi and Ji, Heng and Chang, Shih-Fu},
   SORTNAME = {Zhang, Tongtao and Li, Hongzhi and Ji, Heng and Chang, Shih-Fu},
   TITLE = {Cross-document Event Coreference Resolution based on Cross-media Features}}
@INPROCEEDINGS{papers-920,
   AUTHOR = {Dima, Corina},
   SORTNAME = {Dima, Corina},
   TITLE = {Reverse-engineering Language: A Study on the Semantic Compositionality of German Compounds}}
@INPROCEEDINGS{papers-921,
   AUTHOR = {Lee, Kenton and Artzi, Yoav and Choi, Yejin and Zettlemoyer, Luke},
   SORTNAME = {Lee, Kenton and Artzi, Yoav and Choi, Yejin and Zettlemoyer, Luke},
   TITLE = {Event Detection and Factuality Assessment with Non-Expert Supervision}}
@INPROCEEDINGS{papers-926,
   AUTHOR = {Kloetzer, Julien and Torisawa, Kentaro and Hashimoto, Chikara and Oh, Jong-Hoon},
   SORTNAME = {Kloetzer, Julien and Torisawa, Kentaro and Hashimoto, Chikara and Oh, Jong-Hoon},
   TITLE = {Large-Scale Acquisition of Entailment Pattern Pairs by Exploiting Transitivity}}
@INPROCEEDINGS{papers-933,
   AUTHOR = {Lee, Sungjin},
   SORTNAME = {Lee, Sungjin},
   TITLE = {Online Sentence Novelty Scoring for Topical Document Streams}}
@INPROCEEDINGS{papers-941,
   AUTHOR = {Potash, Peter and Romanov, Alexey and Rumshisky, Anna},
   SORTNAME = {Potash, Peter and Romanov, Alexey and Rumshisky, Anna},
   TITLE = {GhostWriter: Using an LSTM for Automatic Rap Lyric Generation}}
@INPROCEEDINGS{papers-943,
   AUTHOR = {Wang, William Yang and Yang, Diyi},
   SORTNAME = {Wang, William Yang and Yang, Diyi},
   TITLE = {That's So Annoying!!!: A Lexical and Frame-Semantic Embedding Based Data Augmentation Approach to Automatic Categorization of Annoying Behaviors using \#petpeeve Tweets}}
@INPROCEEDINGS{papers-945,
   AUTHOR = {Luo, Yuanfei and Wang, Quan and Wang, Bin and Guo, Li},
   SORTNAME = {Luo, Yuanfei and Wang, Quan and Wang, Bin and Guo, Li},
   TITLE = {Context-Dependent Knowledge Graph Embedding}}
@INPROCEEDINGS{papers-950,
   AUTHOR = {Marie, Benjamin and Max, Aurélien},
   SORTNAME = {Marie, Benjamin and Max, Aurelien},
   TITLE = {Touch-Based Pre-Post-Editing of Machine Translation Output}}
@INPROCEEDINGS{papers-952,
   AUTHOR = {Ng, Jun-Ping and Abrecht, Viktoria},
   SORTNAME = {Ng, Jun-Ping and Abrecht, Viktoria},
   TITLE = {Better Summarization Evaluation with Word Embeddings for ROUGE}}
@INPROCEEDINGS{papers-960,
   AUTHOR = {Peng, Hao and Mou, Lili and Li, Ge and Chen, Yunchuan and Lu, Yangyang and Jin, Zhi},
   SORTNAME = {Peng, Hao and Mou, Lili and Li, Ge and Chen, Yunchuan and Lu, Yangyang and Jin, Zhi},
   TITLE = {A Comparative Study on Regularization Strategies for Embedding-based Neural Networks}}
@INPROCEEDINGS{papers-968,
   AUTHOR = {Yin, Wenpeng and Schnabel, Tobias and Schütze, Hinrich},
   SORTNAME = {Yin, Wenpeng and Schnabel, Tobias and Schutze, Hinrich},
   TITLE = {Online Updating of Word Representations for Part-of-Speech Tagging}}
@INPROCEEDINGS{papers-983,
   AUTHOR = {Wilson, Alex and Blunsom, Phil and Ker, Andrew},
   SORTNAME = {Wilson, Alex and Blunsom, Phil and Ker, Andrew},
   TITLE = {Detection of Steganographic Techniques on Twitter}}
@INPROCEEDINGS{papers-988,
   AUTHOR = {Novák, Attila and Siklósi, Borbála},
   SORTNAME = {Novak, Attila and Siklosi, Borbala},
   TITLE = {Automatic Diacritics Restoration for Hungarian}}
@INPROCEEDINGS{papers-994,
   AUTHOR = {Nguyen, Dong and van den Broek, Tijs and Hauff, Claudia and Hiemstra, Djoerd and Ehrenhard, Michel},
   SORTNAME = {Nguyen, Dong and van den Broek, Tijs and Hauff, Claudia and Hiemstra, Djoerd and Ehrenhard, Michel},
   TITLE = {\#SupportTheCause: Identifying Motivations to Participate in Online Health Campaigns}}
@INPROCEEDINGS{papers-995,
   AUTHOR = {Marsi, Erwin and Öztürk, Pinar},
   SORTNAME = {Marsi, Erwin and Ozturk, Pinar},
   TITLE = {Extraction and generalisation of variables from scientific publications}}
