@INPROCEEDINGS{VL15-010,
   AUTHOR = {Krishnamurthy, Jayant},
   SORTNAME = {Krishnamurthy, Jayant},
   TITLE = {Visually-Verifiable Textual Entailment: A Challenge Task for Combining Language and Vision}}
@INPROCEEDINGS{VL15-011,
   AUTHOR = {Hessel, Jack and Savva, Nicolas and Wilber, Michael},
   SORTNAME = {Hessel, Jack and Savva, Nicolas and Wilber, Michael},
   TITLE = {Image Representations and New Domains in Neural Image Captioning}}
@INPROCEEDINGS{VL15-012,
   AUTHOR = {Almeida, Inês and Coheur, Luísa and Candeias, Sara},
   SORTNAME = {Almeida, Ines and Coheur, Luisa and Candeias, Sara},
   TITLE = {Coupling Natural Language Processing and Animation Synthesis in Portuguese Sign Language Translation}}
@INPROCEEDINGS{VL15-013,
   AUTHOR = {Vaidyanathan, Preethi and Prud'hommeaux, Emily and O. Alm, Cecilia and B. Pelz, Jeff and R. Haake, Anne},
   SORTNAME = {Vaidyanathan, Preethi and Prud'hommeaux, Emily and O. Alm, Cecilia and B. Pelz, Jeff and R. Haake, Anne},
   TITLE = {Computational Integration of Human Vision and Natural Language through Bitext Alignment}}
@INPROCEEDINGS{VL15-015,
   AUTHOR = {Kádár, Ákos and Chrupała, Grzegorz and Alishahi, Afra},
   SORTNAME = {Kadar, Akos and Chrupała, Grzegorz and Alishahi, Afra},
   TITLE = {Lingusitic Analysis of Multi-Modal Recurrent Neural Networks}}
@INPROCEEDINGS{VL15-017,
   AUTHOR = {Yu, Yanchao and Eshghi, Arash and Lemon, Oliver},
   SORTNAME = {Yu, Yanchao and Eshghi, Arash and Lemon, Oliver},
   TITLE = {Comparing Attribute Classifiers for Interactive Language Grounding}}
@INPROCEEDINGS{VL15-018,
   AUTHOR = {Weiland, Lydia and Dietz, Laura and Ponzetto, Simone Paolo},
   SORTNAME = {Weiland, Lydia and Dietz, Laura and Ponzetto, Simone Paolo},
   TITLE = {Image with a Message: Towards Detecting Non-Literal Image Usages by Visual Linking}}
@INPROCEEDINGS{VL15-020,
   AUTHOR = {Schuster, Sebastian and Krishna, Ranjay and Chang, Angel and Fei-Fei, Li and Manning, Christopher D.},
   SORTNAME = {Schuster, Sebastian and Krishna, Ranjay and Chang, Angel and Fei-Fei, Li and Manning, Christopher D.},
   TITLE = {Generating Semantically Precise Scene Graphs from Textual Descriptions for Improved Image Retrieval}}
@INPROCEEDINGS{VL15-023,
   AUTHOR = {Gaizauskas, Robert and Wang, Josiah and Ramisa, Arnau},
   SORTNAME = {Gaizauskas, Robert and Wang, Josiah and Ramisa, Arnau},
   TITLE = {Defining Visually Descriptive Language}}
@INPROCEEDINGS{VL15-024,
   AUTHOR = {Ellebracht, Lily D. and Ramisa, Arnau and Madhyastha, Pranava Swaroop and Cordero-Rama, Jose and Moreno-Noguer, Francesc and Quattoni, Ariadna},
   SORTNAME = {Ellebracht, Lily D. and Ramisa, Arnau and Madhyastha, Pranava Swaroop and Cordero-Rama, Jose and Moreno-Noguer, Francesc and Quattoni, Ariadna},
   TITLE = {Semantic Tuples for Evaluation of Image to Sentence Generation}}
@INPROCEEDINGS{VL15-025,
   AUTHOR = {Lazaridou, Angeliki and Tien Nguyen, Dat and Baroni, Marco},
   SORTNAME = {Lazaridou, Angeliki and Tien Nguyen, Dat and Baroni, Marco},
   TITLE = {Do Distributed Semantic Models Dream of Electric Sheep? Visualizing Word Representations through Image Synthesis}}
@INPROCEEDINGS{VL15-026,
   AUTHOR = {Elhoseiny, Mohamed and Elgammal, Ahmed},
   SORTNAME = {Elhoseiny, Mohamed and Elgammal, Ahmed},
   TITLE = {Visual Classifier Prediction by Distributional Semantic Embedding of Text Descriptions}}
@INPROCEEDINGS{VL15-027,
   AUTHOR = {Belz, Anja and Muscat, Adrian and Aberton, Maxime and Benjelloun, Sami},
   SORTNAME = {Belz, Anja and Muscat, Adrian and Aberton, Maxime and Benjelloun, Sami},
   TITLE = {Describing Spatial Relationships between Objects in Images in English and French}}
@INPROCEEDINGS{VL15-006,
   AUTHOR = {Lautenbacher, Olli Philippe and Tiittula, Liisa and Hirvonen, Maija and Laaksonen, Jorma and Kurimo, Mikko},
   SORTNAME = {Lautenbacher, Olli Philippe and Tiittula, Liisa and Hirvonen, Maija and Laaksonen, Jorma and Kurimo, Mikko},
   TITLE = {Towards Reliable Automatic Multimodal Content Analysis}}
@INPROCEEDINGS{VL15-008,
   AUTHOR = {Polisciuc, Evgheni and Alves, Ana and Machado, Penousal},
   SORTNAME = {Polisciuc, Evgheni and Alves, Ana and Machado, Penousal},
   TITLE = {Understanding Urban Land Use through the Visualization of Points of Interest}}
@INPROCEEDINGS{VL15-009,
   AUTHOR = {Taniguchi, Tomoki and Sakaki, Shigeyuki and Shigenaka, Ryosuke and Tsuboshita, Yukihiro and Ohkuma, Tomoko},
   SORTNAME = {Taniguchi, Tomoki and Sakaki, Shigeyuki and Shigenaka, Ryosuke and Tsuboshita, Yukihiro and Ohkuma, Tomoko},
   TITLE = {A Weighted Combination of Text and Image Classifiers for User Gender Inference}}
